3013 4888
504 363 706 486 989

503 532 645 598 fuit.
732 485 886 595 Jam
949 547 1108 595 vero
1167 526 1464 593 tidemus
1522 527 1821 592 Jovem
1880 527 2418 616 Jndigetem,
2478 534 2652 598 Ae-

507 652 731 699 neam
783 636 1046 718 ipsum
1095 621 1499 696 coelestibus
1561 607 1881 695 additum.
1923 633 2069 696 Lit.
2108 631 2185 711 I,
2238 634 2300 697 2.
2366 635 2649 722 Dionys
2736 629 2745 638 '

357 725 362 732 ”
508 737 659 802 Hal.
695 735 749 815 Ι,
796 737 920 800 64:
965 736 1075 798 ubi
1121 733 1508 797 vocabulum
1545 727 1864 810 χθόνιος,
1919 752 2043 824 quo
2084 713 2359 821 indiges
2403 755 2654 823 graece
2715 799 2729 806 ,

511 838 835 919 redditur,
883 855 1074 923 quam
1118 842 1271 920 apte
1314 838 1379 899 in
1419 837 1660 899 Larum
1705 836 2093 922 religionem
2138 838 2437 930 quadret,
2478 842 2552 904 L.
2595 840 2649 906 1.

513 961 569 1006 c.
613 942 674 1014 2.
715 939 1123 1024 comparatio
1171 937 1423 1001 doceat.
1471 934 1645 1002 Add.
1690 938 1924 1019 Tibull,
1968 936 2056 1019 ΙΙ,
2086 937 2149 1019 5,
2175 940 2283 1002 43.
2327 939 2519 1006 Serv.
2563 940 2652 1005 ad
2686 962 2733 998 ι’

510 1043 697 1129 virg.
742 1040 863 1105 Ge.
908 1041 975 1123 Ι,
1024 1040 1167 1106 498.
1214 1031 1435 1105 Schol
1497 1040 1737 1106 Veron.
1798 1038 1887 1103 ad
1943 1041 2062 1105 Vir
2033 1058 2170 1191 ἕ.
2189 1045 2354 1107 Aen.
2400 1041 2456 1125 1,
2499 1044 2646 1109 261).

459 1149 462 1154 “
512 1129 729 1194 Huius
770 1130 970 1215 igitur
1016 1126 1337 1190 Genius
1383 1132 1450 1190 et
1490 1131 1674 1188 recte
1717 1126 2001 1190 Jovialis
2093 1128 2331 1210 icitur,
2372 1136 2441 1195 et
2481 1133 2652 1194 inter

510 1234 726 1316 ipsius
781 1234 1054 1296 Aeneae
1113 1231 1327 1294 Lares
1401 1235 1469 1293 et
1523 1228 1810 1292 Penates
1865 1229 2094 1293 eodem
2151 1230 2338 1296 modo
2382 1232 2651 1314 colitur,

518 1339 643 1417 q‘uo
688 1335 772 1398 in·
798 1334 1086 1416 privatis,
1116 1329 1392 1395 aedibus
1439 1346 1702 1414 semper
1735 1327 1980 1410 ,domini
2008 1328 2288 1396 Genium
2334 1352 2475 1399 cum
2506 1334 2648 1398 La-

514 1425 697 1518 ribm
745 1443 814 1498 et
853 1435 1211 1499 Penatibus
1270 1434 1333 1496 in
1385 1432 1530 1497 foco
1577 1438 1643 1496 et
1698 1435 2142 1516 penetralibus
2198 1434 2435 1498 cultum
2490 1450 2649 1500 esse

516 1526 867 1599 docuimus.
897 1541 914 1556 s
975 1533 1383 1628 Quapropter
1439 1540 1621 1598 recte
1686 1551 1907 1602 eorum
1977 1542 2333 1621 temporum
2394 1538 2650 1600 ratione

515 1636 773 1719 habita,
838 1638 1071 1721 quibus
1114 1639 1285 1703 inter
1323 1637 1638 1718 mortales
1686 1638 1954 1702 Aeneas
1999 1641 2430 1718 versabatur,
2478 1625 2648 1702 Ge-

516 1741 706 1808 nius
750 1736 1010 1819 dictuS,
1060 1756 1292 1802 rursus
1350 1743 1566 1801 autem
1622 1743 1804 1801 recte
1857 1739 2141 1803 Laribus
2176 1757 2237 1804 <a
2288 1741 2661 1824 super-stite
2708 1727 2712 1732 ’

516 1844 740 1922 gente⁴
774 1836 1160 1921 adscriptus·
1214 1843 1280 1900 et
1336 1838 1508 1900 inter
1562 1835 1854 1901 Penates
1915 1839 2122 1903 cultus
2139 1849 2169 1921 ,‘
2235 1846 2305 1904 ut
2361 1838 2650 1904 defuncti

515 1938 644 2000 iam
685 1933 936 2020 pridem
978 1933 1197 1999 herois
1243 1934 1397 1998 diva
1438 1936 1674 1998 anima.

1374 2079 1592 2166 Cap.
1638 2055 1780 2153 lo.

429 2243 440 2264 ,2
515 2198 654 2269 De
696 2177 1015 2267 Larum
1074 2200 1286 2266 aede
1344 2198 1484 2264 sub
1535 2195 1784 2265 Velia
1843 2200 2055 2279 sita,
2112 2198 2377 2287 Anci,
2405 2198 2673 2280 Tar-ff

483 2329 488 2334 ·
575 2304 1059 2389 quintiorum
1100 2301 1365 2386 reyia,
1411 2301 1647 2365 domo
1700 2298 2035 2380 Valerii
2080 2293 2574 2387 Poplicolae

1102 2418 1397 2485 reyum
1440 2397 2066 2486 sacrificorum.
2656 2401 2663 2408 '

713 2540 852 2606 lam
913 2558 1073 2605 vero
1130 2560 1405 2626 prorsus
1463 2536 1828 2625 perturbari
1885 2548 1953 2606 et
2008 2542 2221 2606 corrui
2274 2540 2644 2625 videantur,
2726 2612 2730 2619 ,

516 2664 684 2731 quae
730 2645 814 2711 de
843 2645 1123 2711 Laribus
1173 2647 1626 2731 praestitibu‘S,
1664 2639 1923 2710 Romuli
1957 2645 2277 2730 Remique
2306 2644 2478 2710 divis
2508 2644 2651 2731 Ge„L

512 2752 642 2814 niis
686 2756 820 2815 tam
859 2740 1551 2836 mag'nisambagibus
1597 2746 2089 2831 edisseruimus.
2176 2749 2346 2813 Nam
2400 2751 2462 2813 si
2482 2751 2646 2824 La-
2694 2824 2702 2837 1

512 2870 623 2917 res
664 2854 835 2916 inter
874 2850 1245 2936 penetrales
1271 2851 1456 2916 Deos
1498 2856 2094 2932 commemorantur,
2134 2853 2196 2913 si
2239 2853 2369 2934 ipsi
2412 2850 2480 2915 hi
2504 2853 2645 2916 La-

512 2968 626 3015 res
663 2942 794 3015 'Dii
850 2946 1212 3031 coelestes,
1275 2957 1343 3013 et
1401 2948 1589 3013 Idaei
1643 2950 1917 3032 Dactyti
1973 2950 2266 3031 fuerunt,
2316 2954 2690 3037 geminum,

512 3070 739 3138 regum
783 3053 1127 3136 primorum
1181 3069 1302 3135 par
1350 3051 1563 3114 fuisse
1622 3047 1694 3114 ut
1754 3069 1883 3114 non
1922 3054 2285 3136 potuerint,
2344 3053 2644 3119 efficitur.

511 3153 749 3220 Audio.
837 3153 978 3220 Sed
1017 3156 1251 3221 iterum
1293 3152 1447 3217 mihi
1489 3148 1970 3238 provocandum
2033 3160 2141 3218 est
2182 3153 2268 3218 ad
2309 3154 2462 3220 illud
2497 3157 2644 3220 Ro-

505 3272 745 3323 manae
780 3259 1005 3346 gentis
1051 3263 1184 3322 tam
1232 3258 1558 3342 proprium
1609 3263 1677 3325 et
1721 3257 2051 3343 peculiare
2094 3259 2462 3344 ingenium,
2517 3278 2640 3344 quo

393 3402 422 3433 ,-
509 3366 783 3424 naturas
826 3360 925 3424 rei
967 3360 1491 3444 ‘uniuscuiusque
1550 3357 1857 3423 diversas
1878 3354 2261 3446 ‘'cogitandi*
2280 3362 2640 3426 rationibus

512 3472 704 3525 acute
750 3461 1153 3548 distinguere
1193 3461 1678 3535 etsdissolvere
1725 3460 2192 3546 quodammodo
2247 3462 2638 3528 viderentur.

514 3562 657 3644 Quo
703 3563 944 3631 factum
973 3583 1147 3628 fesse
1187 3563 1511 3646 vidimuS,
1574 3571 1645 3629 ut
1683 3565 2219 3652 inreligionibus
2264 3546 2459 3632 sacra
2498 3568 2639 3652 pri-

508 3686 680 3741 mum
724 3664 981 3750 quidem
1021 3652 1448 3752 colligerent,
1508 3673 1575 3731 et
1620 3666 1943 3753 dignitate
1987 3669 2245 3752 publica
2297 3662 2642 3759 augei-ent,

513 3771 781 3835 collecta
825 3775 1040 3834 autem
1083 3788 1312 3833 rursus
1360 3767 1722 3833 seeundum
1777 3767 2082 3834 diversas
2140 3773 2420 3849 numinis
2464 3768 2659 3837 vires'

512 3877 581 3936 et
617 3871 969 3965 facultates
1039 3871 1485 3956 seiungerent.
1570 3868 1809 3953 Itaque
1867 3889 1999 3955 non
2038 3869 2226 3951 modo
2271 3870 2544 3951 Vestam
2584 3866 2643 3932 ”a
2736 3854 2741 3861 ’

507 3973 869 4039 Penatibus
899 3971 1399 4053 discreverunt,
1451 3970 1574 4036 sed
1634 3971 1755 4051 hos
1799 3975 1986 4059 ipsos
2043 3976 2275 4038 iterum
2317 3972 2386 4034 in
2426 3971 2641 4034 Lares

511 4082 579 4141 et
611 4076 904 4142 Penates
962 4077 1233 4159 proprie·
1264 4072 1475 4141 dictos
1536 4073 1924 4142 diviserunt.
2007 4065 2154 4141 Hoc
2209 4078 2431 4136 autem
2488 4071 2643 4137 dili·
2672 4070 2727 4144 ᾖ

508 4184 747 4266 genter
772 4179 1128 4243 observare
1159 4179 1473 4262 imprimis
1510 4196 1753 4263 operae
1783 4179 2054 4262 pretium
2083 4172 2407 4256 videatur,
2452 4194 2659 4260 quum*
2744 4194 2753 4197 ’

509 4280 579 4347 in
606 4278 986 4361 Penatibus,
1028 4280 1259 4364 quibus
1288 4281 1634 4345 Aeneae
1679 4281 1948 4342 Lares
1992 4274 2671 4343 adnumeratosesse‘
