3013 4888
2295 370 2318 382 *⁹
2411 368 2501 431 97

449 580 453 585 ,
818 580 823 588 Ι
1045 509 1148 563 νῦν
1176 502 1523 579 μὲκ.ἕρημός
1558 510 1751 564 ἐστιν.-

357 610 593 699 Itaque
645 615 817 678 inter
869 616 1240 697 penates
1284 614 1627 678 Aeneae
1672 616 1868 688 etiam
1915 617 2130 683 Lares
2178 621 2322 686 eius
2369 620 2495 690 do·
2585 692 2596 701 .

334 735 502 780 *mus
541 717 794 798 fuisse,
840 717 951 800 qui
997 722 1069 780 ut
1110 719 1175 779 in
1216 718 1428 803 regia,
1470 716 1711 800 publici
1758 726 2026 802 essent,
2069 722 2494 791 tradiderunt.

355 819 503 885 Hoc
547 824 744 885 etiam
786 819 1104 906 Virgilius
1147 817 1423 901 indicat,
1449 810 1577 904 „qui
1620 827 1922 885 Aeneam
1963 824 2080 903 (A.
2126 824 2255 908 IX,
2302 829 2492 910 2581.)

284 972 319 1015 .·
355 923 933 1006 Assaricique
977 923 1276 987 Larem
1333 929 1400 1003 et
1443 941 1651 987 canae
1711 927 2073 1008 penetralia
2119 930 2397 1003 Vestae
2419 937 2489 998 in

353 1025 613 1091 Italiam
639 1027 890 1116 tulisse
922 1024 1135 1106 docet,
1159 1026 1234 1091 V.
1265 1027 1411 1090 743.
1473 1028 1835 1092 Ascanium
1863 1048 1981 1113 per
2006 1022 2486 1121 „pergameum

355 1128 651 1205 Larem“
688 1130 1010 1191 iurantem
1072 1136 1140 1191 et
1180 1126 1473 1191 Penates
1531 1145 1676 1191 cum
1724 1118 1959 1193 Aenea
1999 1128 2328 1213 111,167.
2390 1138 2492 1201 sic

354 1206 870 1316 interloquentes
912 1230 1105 1295 facit.

1169 1344 1286 1396 hinc
1322 1347 1708 1431 Dardanus
1743 1356 1894 1401 ortus

559 1434 947 1499 Junimque
978 1437 1162 1498 pater,
1199 1448 1412 1498 aeuus
1447 1449 1482 1482 a
1520 1448 1618 1501 quo
1652 1435 1886 1501 principe
1923 1444 2250 1492 nostrum

353 1534 487 1599 nisi
527 1537 889 1597 nostrum
923 1547 1177 1615 genuS,
1232 1547 1448 1617 genus
1484 1530 1674 1614 ‚quod
1720 1537 1973 1598 tuemur
2003 1534 2082 1612 li.
2129 1555 2186 1602 e.
2244 1522 2494 1615 Troia-‚2-

280 1646 281 1649 ’
354 1654 505 1701 num
565 1632 978 1714 interpretari
1025 1630 1237 1717 malis.
1324 1630 1470 1695 Hos
1528 1642 1745 1695 autem
1805 1652 2039 1699 revera
2098 1638 2294 1701 etiam
2345 1638 2485 1703 Po-

353 1737 487 1823 puli
527 1733 812 1799 Romani
855 1732 1123 1796 Lares
1179 1731 1452 1797 credere
1510 1732 1873 1816 debebant,
1929 1739 2071 1820 qui,
2126 1745 2199 1804 ut
2251 1739 2483 1822 Varro,

354 1841 486 1904 nisi
542 1838 864 1903 Troianos
920 1851 1122 1898 veros
1180 1836 1515 1913 Romanos
1573 1853 1698 1900 non
1740 1839 2222 1926 intelligerent.
2312 1843 2483 1907 Nam

353 1939 461 2005 hic
504 1940 847 2004 Latinium
893 1935 1016 2018 (de
1049 1938 1131 2002 -.L
1177 1937 1253 2000 L.
1297 1937 1376 2003 V.
1425 1937 1555 2001 144
1594 1938 1812 2017 Mun.)
1855 1941 2251 2039 „oppidum“
2301 1941 2480 2023 dicit,

348 2041 568 2128 „quod
613 2044 952 2126 primum
979 2038 1353 2105 conditum
1335 2060 1401 2103 ιιι
1429 2040 1622 2104 Latio
1633 2042 1971 2129 stirpis
2000 2045 2435 2110 Romanae.
2439 2046 2486 2083 “

354 2145 669 2227 Quoniam
713 2162 870 2208 vero
916 2145 1084 2206 inter
1128 2144 1401 2206 Aeneae
1455 2159 1624 2205 avos
1670 2149 1737 2207 et
1774 2147 2045 2230 generis
2087 2146 2275 2212 Deos
2317 2164 2481 2212 coe-

350 2248 560 2313 lestes
600 2247 712 2310 Dii
767 2250 1216 2326 numerantur,
1267 2246 1386 2308 vix
1444 2244 1783 2330 ambigere
1837 2248 2099 2330 possis,
2160 2250 2313 2333 quin
2370 2251 2482 2316 ubi

336 2349 677 2417 'Martialis
717 2345 847 2425 XI,
884 2346 957 2411 5·

490 2474 665 2524 Sacra
701 2474 747 2521 L
764 2488 796 2521 u
809 2487 840 2522 r
857 2486 884 2521 e
899 2488 926 2522 s
942 2486 1019 2537 qu
1034 2486 1061 2521 e
1097 2468 1277 2534 Phry
1289 2483 1324 2534 y
1338 2485 1372 2520 u
1389 2485 1473 2533 m,
1517 2484 1645 2535 quos
1687 2470 1880 2520 Troiae
1915 2472 2102 2521 maluit
2134 2471 2284 2523 heres

766 2558 930 2616 Quam
969 2570 1160 2621 rapere
1195 2570 1422 2605 arsuras
1455 2555 1828 2626 Laomedontis
1863 2572 1987 2622 opes

349 2682 635 2759 invocat,
679 2675 1108 2759 sequ'entibus
1155 2674 1460 2738 tersibus
1505 2673 1823 2756 Junonis,
1885 2676 2261 2757 Minervae,
2315 2676 2480 2741 Jani·

351 2781 911 2859 commemoratio,
969 2780 1096 2841 nisi
1154 2779 1538 2841 coniunctim
1593 2794 1759 2842 voce
1813 2780 2126 2859 „sacra“
2191 2771 2478 2864 reliquos

346 2888 627 2969 penates
641 2923 664 2957 ,
725 2881 834 2963 qui
877 2897 1007 2943 non
1048 2880 1260 2943 Lares
1308 2883 1580 2952 essent,
1625 2878 2149 2963 comprehendit,
2207 2880 2292 2944 ad
2337 2882 2480 2944 La·-

346 3006 486 3051 rum
524 2973 1021 3068 appellationem
1066 2979 1409 3044 reserenda
1463 2983 2088 3044 si't.1

552 3084 668 3151 Sic
717 3084 967 3147 demum
1016 3099 1156 3147 cum
1191 3084 1450 3147 nostris
1494 3083 1856 3146 rationibus
1901 3086 2312 3148 consociatur
2349 3084 2478 3148 Ni-

347 3185 511 3274 gidii
557 3189 921 3262 sententia,
983 3189 1089 3271 qui
1136 3186 1344 3268 (apud
1391 3186 1635 3249 Arnob.
1678 3183 1812 3263 ΙΙΙ,
1872 3205 1932 3267 p.
1986 3185 2161 3262 124.)
2207 3187 2478 3265 „Lares

348 3286 535 3351 modo
579 3285 857 3350 Curetas
903 3288 1070 3364 illos,
1119 3290 1223 3369 qui
1267 3289 1641 3350 occultasse
1683 3285 2101 3368 perhibentur
2126 3287 2319 3350 ,lotis
2357 3305 2481 3351 ae·-

347 3391 527 3454 ribus
570 3388 914 3471 aliquando
960 3389 1284 3473 tagitum,
1324 3388 1538 3452 modo
1549 3390 1820 3475 Digitos'
1849 3387 2339 3475 Samothnacios
2388 3393 2480 3456 ait

346 3490 581 3567 fuisse,
611 3506 775 3570 <tuos
800 3488 1081 3569 quinque
1115 3486 1400 3551 indicant
1432 3484 1668 3549 Graeci
1701 3485 1938 3550 Idaeos
1973 3486 2274 3571 dacolos
2308 3508 2478 3552 nun-

348 3590 638 3686 cupar1“
724 3590 891 3651 Nam
936 3606 1157 3652 eorum
1190 3591 1427 3653 Larum
1455 3603 1697 3677 genus,
1744 3588 1826 3652 de
1875 3592 2104 3673 quibus
2137 3593 2477 3674 prioribus

349 3692 601 3758 duobus
658 3690 840 3753 libris
901 3691 1191 3774 egimus,
1250 3693 1618 3779 intelligere
1676 3711 1819 3755 eum
1878 3694 2046 3756 nullo
2105 3691 2302 3780 modo*
2356 3712 2476 3775 po-

346 3797 562 3860 tuisse
616 3785 816 3876 patet.
923 3789 1040 3856 Sic
1098 3791 1379 3877 denique
1434 3791 1624 3857 Genii
1680 3794 1999 3871 Jovialis,
2061 3810 2248 3876 quem
2308 3795 2477 3857 inter

344 3894 973 3978 Penatespublicos
1018 3893 1255 3957 cultum
1301 3913 1457 3959 esse
1473 3940 1497 3972 ,
1555 3894 1814 3979 quidam
1857 3895 2197 3957 voluerunt
2258 3893 2476 3973 (Cae-

348 3989 499 4072 sius]
533 4014 635 4079 ap.
681 3995 924 4059 Arnob.
968 3993 1258 4077 l.>supra
1305 4009 1363 4057 c.
1407 4013 1548 4078 cap.
1602 3996 1758 4073 13.)⁸
1846 3995 2015 4058 Nam
2060 3991 2308 4057 Genius
2346 3994 2476 4057 Jo-

347 4095 541 4159 vialis
588 4113 745 4159 esse
789 4100 916 4159 non
960 4098 1180 4179 potest
1204 4094 1350 4157 ‘nisi
1394 4096 1605 4179 geniti
1650 4101 1716 4159 et
1766 4094 1902 4158 nati
1962 4092 2315 4158 cuiusdam‘
2349 4091 2496 4157 Jo-'-r

347 4198 454 4262 vis
501 4195 652 4261 diva
696 4199 911 4262 anima
955 4194 1093 4279 (Cf.
1132 4197 1207 4261 L.
1251 4194 1307 4280 Ι,
1352 4215 1407 4261 c.
1450 4194 1597 4278 8.),
1649 4214 1779 4262 non
1824 4198 2006 4278 eiuS,
2065 4197 2176 4280 qui
2219 4209 2481 4281 semper
