3013 4888
2329 419 2334 427 .
2440 352 2584 426 103*

319 506 333 525 ‘
435 511 760 585 manulam
816 511 1052 579 clivum
1121 518 1325 596 snper
1380 502 1638 587 Veliam
1691 508 1907 595 ipsam
1970 507 2174 586 scalis
2234 507 2567 577 ascende-

434 624 554 682 ret.
655 615 817 682 Cum
872 634 997 700 quo
1052 615 1152 691 ita
1210 613 1523 681 dissentit
1574 613 1821 705 Festus
1879 633 1938 681 s,
2000 632 2063 678 v.
2118 613 2569 681 Romanam

433 726 744 805 portam
810 737 871 803 p.
928 717 1135 784 222
1217 715 1428 781 ndem.
1448 760 1473 793 ,
1533 721 1630 805 ut·
1687 716 1821 781 nisi
1888 721 2178 793 nostram
2250 717 2570 783 rationem

440 821 869 908 adoptaveris
917 819 1041 885 sed
1108 806 1117 825 ‘
1213 819 1425 885 buhrii
1480 818 1856 886 auctori-tati
1908 820 2266 889 obsecutus
2290 819 2584 885 Veliam-

438 933 509 991 et
580 924 860 993 Sacram
929 927 1141 990 viam.
1176 926 1249 990 in
1317 926 1637 1008 oppositis
1705 921 1945 1002 Palatii
2021 923 2322 1007 partibus
2400 925 2571 989 sitas

436 1029 652 1108 fuisse
700 1027 1087 1111 credideriS,
1135 1047 1279 1093 cum
1324 1028 1772 1113 superioribus
1814 1028 2211 1093 testimoniis
2255 1029 2387 1093 nisi
2428 1034 2576 1119 tur·-

440 1134 614 1198 batis
680 1134 750 1199 et
802 1134 1028 1197 mixtis
1086 1133 1383 1197 omnibus
1449 1148 1728 1230 prorsus
1797 1134 2164 1197 consociari
2220 1152 2351 1199 non
2406 1152 2573 1218 pos·-

437 1237 549 1300 sit.
635 1235 765 1301 Hic
822 1236 989 1299 enim
1044 1252 1171 1299 non
1215 1216 1685 1321 Magoniam
1744 1231 1867 1298 sed
1910 1233 2442 1298 Romanulam
2484 1231 2572 1299 ad

430 1337 737 1405 clivum
790 1332 1232 1401 Victoriae
1299 1351 1458 1402 esse
1500 1334 1747 1399 refert:
1817 1331 2007 1416 „Sed
2080 1339 2270 1419 porta
2323 1335 2576 1400 Roma-

439 1455 529 1502 na
567 1439 873 1502 instituta
916 1444 1023 1503 est
1063 1455 1106 1501 a
1130 1435 1423 1502 Romulo
1464 1434 1682 1507 infimo
1721 1434 1890 1501 clivo
1936 1434 2292 1517 Victoriae,
2324 1437 2435 1520 qui
2470 1435 2576 1500 lo-

381 1592 385 1605 .
418 1559 559 1631 ,cus
597 1540 918 1627 gradibus
960 1542 1030 1609 in
1071 1538 1386 1624 quadram
1444 1539 1764 1617 formatus
1801 1544 1925 1603 est.
1967 1537 2303 1623 ‚appellata
2356 1546 2578 1605 autem

414 1632 742 1712 'Romana
788 1663 830 1708 a
870 1643 1177 1726 SabiniS,
1234 1642 1423 1728 quod*
1463 1661 1547 1707 ea
1588 1644 1923 1728 proximus
1967 1640 2189 1706 aditus
2247 1648 2402 1707 erat,
2430 1642 2578 1707 Ro·-
2615 1718 2624 1733 .

348 1820 367 1831 Ν
442 1764 634 1813 mam.
753 1746 987 1832 Itaque
1046 1746 1277 1811 eadem
1334 1745 1583 1812 domus
1621 1752 1805 1812 recte
1856 1747 1958 1811 in
1992 1746 2277 1811 infimo
2338 1746 2576 1824 clivo,

368 1840 371 1845 ’
443 1852 512 1916 in
553 1868 857 1916 summa
902 1867 1156 1914 sacra
1214 1851 1391 1930 v-ia,
1444 1867 1650 1934 supra
1695 1866 1851 1914 not
1868 1865 1983 1911 am
2042 1849 2253 1912 viam
2304 1852 2374 1912 et
2430 1846 2575 1911 sub
2612 1884 2630 1895 «

444 1952 691 2018 Velia
731 1952 946 2016 fuisse
974 1951 1225 2021 dicitur.
1311 1949 1615 2017 Eandem
1651 1956 1865 2015 autem
1894 1947 2065 2013 hane
2089 1936 2338 2013 Valerii
2364 1946 2580 2012 fuisse
2625 1952 2640 1959 “

314 2037 365 2051 ”
442 2053 765 2141 vidimusf,
823 2053 993 2139 quod
1040 2055 1318 2142 egregie
1361 2054 1648 2118 affirmat
1683 2052 1828 2117 Lu
1810 2071 1915 2116 1us
1931 2097 1953 2132 ,
2012 2051 2122 2134 qui
2164 2051 2232 2113 in
2288 2046 2610 2121 infimo'

445 2158 666 2224 clivo
719 2176 863 2222 eam
902 2156 1335 2221 aedificatam
1392 2173 1554 2219 esse
1612 2156 1723 2216 ait.
1822 2153 2059 2236 Neque
2118 2149 2340 2216 alium
2366 2148 2578 2241 locum

447 2260 780 2348 significat
817 2260 1047 2324 Varro
1072 2259 1148 2321 L.
1203 2258 1279 2321 L.
1322 2258 1419 2336 V,
1464 2263 1529 2332 6.
1572 2254 1678 2329 42
1731 2254 1911 2320 Miill.
1972 2269 2054 2318 ea
2112 2234 2369 2319 Sacrae
2423 2254 2578 2318 viae

447 2361 677 2447 pan-,te
726 2377 899 2446 quae
940 2364 1047 2423 est
1091 2374 1133 2421 a
1172 2355 1312 2421 soro
1357 2359 1537 2421 eunti
1582 2357 1861 2441 primore
1902 2344 2108 2420 clivo.
2174 2352 2348 2421 Sunt
2403 2360 2576 2425 enim

445 2464 613 2531 haec
643 2468 788 2530 eius
820 2463 1058 2528 verba:
1103 2456 1322 2543 „Huic
1345 2463 1607 2525 iunctae
1640 2444 1923 2525 Carinae
1948 2465 2016 2524 et
2041 2449 2216 2532 inter
2241 2478 2361 2543 eas
2387 2480 2580 2547 quem

445 2567 655 2631 locum
706 2564 1154 2631 Ceroliensem
1198 2563 1590 2648 appellatum
1633 2567 1929 2646 apparet,
1965 2559 2145 2646 quod
2174 2565 2422 2648 primae
2462 2583 2579 2630 re-

444 2671 666 2757 gionis
704 2673 1005 2753 quartum
1049 2670 1425 2734 sacrarium*
1451 2668 1762 2749 scriptum
1806 2666 1908 2729 sic
1948 2670 2086 2728 est:

622 2804 635 2824 ’
654 2789 998 2855 CeroliensiS,
1051 2783 1364 2857 ᾂιιαιτιόερε.
1401 2788 1545 2839 circa
1595 2785 1937 2848 Minervium,
1987 2798 2090 2851 qua
2125 2797 2154 2834 e
2193 2784 2371 2836 Caelio
2411 2785 2582 2839 marite

1174 2893 1178 2898 ’
1268 2872 1370 2921 iter
1400 2871 1457 2921 iu
1496 2869 1793 2921 Tuber-nola
1828 2876 1927 2923 est.

448 2975 856 3048 Ceroliensis
901 2991 947 3040 a
992 2971 1376 3039 Carinarum
1414 2974 1637 3037 iunctu
1674 2970 1909 3040 dictus.
1998 2950 2305 3055 Carinae,
2346 2979 2582 3062 postea

449 3080 741 3159 Cerolia,
796 3077 1014 3165 quod“
1048 3114 1134 3127 -
1177 3082 1394 3142 tuetur
1456 3078 1627 3140 enim
1671 3074 1841 3140 hanc
1884 3076 2267 3158 particulam
2322 3075 2578 3143 Mulier.
2619 3083 2630 3088 ”

450 3186 678 3243 contra
709 3179 1000 3242 Bunsen.
1044 3212 1132 3222 ·-—
1174 3175 1370 3257 „hinc
1414 3178 1618 3240 oritur
1658 3180 1857 3259 caput
1889 3173 2161 3240 Sacra
2186 3193 2226 3240 e
2264 3177 2454 3240 viae
2499 3177 2582 3243 ab

451 3278 860 3345 Streniae
899 3278 1259 3357 sacello,
1318 3295 1488 3360 quae
1541 3278 1826 3361 pertinet
1866 3277 1933 3339 in
1976 3292 2228 3358 arcem,
2284 3295 2416 3360 qua
2455 3296 2586 3360 sa·-

452 3398 567 3445 cra
610 3385 929 3464 quotquot
968 3379 1306 3442 mensibus
1352 3378 1649 3442 feruntur
1692 3380 1759 3441 in
1795 3379 2075 3459 Arcem,
2118 3383 2347 3463 et'per
2389 3389 2583 3463 qua'm
2655 3421 2670 3450 κ,

449 3484 764 3570 Augures
796 3499 883 3545 ex
919 3483 1096 3547 Arce
1140 3480 1415 3564 profecti
1441 3480 1656 3545 solent
1685 3483 2103 3569 inaugurare.
2171 3467 2386 3548 Huius
2417 3480 2583 3551 Sa-

453 3602 649 3652 crae
690 3586 886 3649 viae
940 3603 1100 3670 pars
1143 3584 1358 3649 haec
1401 3583 1599 3649 sola
1656 3585 1907 3672 volgo
1967 3591 2201 3663 nota,
2257 3603 2430 3670 quae
2478 3591 2587 3653 est

416 3717 421 3734 <
452 3707 496 3754 a
526 3689 703 3753 foro
747 3689 923 3753 eunti
958 3687 1317 3773 primore*
1355 3706 1392 3754 c
1416 3687 1660 3753 livo.“
1690 3720 1693 3725 ·
1730 3691 1978 3775 ›Neque
2014 3691 2185 3754 enim
2216 3689 2443 3772 refert,
2485 3692 2586 3756 sic

453 3806 538 3853 an
592 3787 761 3874 quod
803 3789 1089 3854 Bunsen.
1144 3791 1186 3855 l.
1232 3790 1274 3856 l.
1319 3791 1499 3858 iubet
1548 3792 1622 3856 T.
1666 3787 1752 3870 1,
1779 3812 1840 3876 p.
1872 3791 2017 3856 693.
2059 3793 2421 3875 „proxima
2451 3809 2587 3858 *sa-2

452 3909 564 3957 cro
600 3890 813 3957 clivo“
850 3892 1172 3980 legamus.
1257 3895 1431 3958 Nam
1462 3895 1529 3958 in
1556 3892 1720 3958 libro
1752 3895 2031 3958 Florent.
2067 3899 2173 3958 est
2199 3895 2589 3977 „proximo-

450 3994 585 4058 ro“
629 3993 803 4080 unde
859 3994 1150 4060 fortasse
1205 3994 1682 4076 restituendum
1743 3997 2099 4080 „proxima
2154 3998 2417 4079 primori
2465 3996 2589 4062 cli-

416 4093 604 4158 svo‘fi
678 4095 783 4160 De
815 4094 1139 4172 industria
1182 4101 1407 4160 autem
1427 4094 1597 4161 hunc
1621 4095 1827 4166 locum
1858 4098 2348 4180 exscripsimuS,
2393 4097 2587 4183 quod,

456 4201 527 4258 ut
568 4198 713 4279 ipse
783 4216 828 4262 a
877 4201 1066 4264 Livio
1127 4200 1333 4264 lucem
1389 4187 1662 4284 accipit,
1719 4201 1820 4265 sic
1879 4217 2075 4263 versa
2126 4201 2276 4264 vice
2316 4202 2588 4292 Festum

454 4296 780 4383 illustrat,
839 4305 1176 4390 omnisque
1228 4299 1403 4371 illius
1446 4305 1740 4393 regionis
1794 4309 2089 4370 naturam
2146 4311 2214 4373 et
2267 4307 2466 4372 situm
2516 4312 2592 4371 ut
2679 4343 2688 4348 =

776 4483 777 4494 ι

722 4621 743 4638 ἣ

704 4656 710 4664 ι
