3013 4888
464 331 566 459 „18

466 496 792 579 ‘lebantur
835 504 1035 583 enim*
1059 522 1190 585 non.
1212 488 1455 577 ,Solum
1513 486 1847 586 tamquam
1903 498 1994 571 dii
2039 501 2237 586 patrii
2278 499 2546 589 (Tibun.
2588 499 2646 580 1,

394 687 399 690 ,
491 602 595 694 10,
637 611 738 673 15.
825 608 1037 672 Plaut.
1084 605 1233 669 Aul.
1281 603 1453 668 Prol.
1514 603 1935 684 „familiae
1977 605 2139 668 Lar
2181 604 2469 688 pater“
2507 604 2643 695 init,

316 704 333 711 ”
362 708 393 801 2
491 699 597 779 all.
643 712 929 797 passim]
976 706 1121 783 sed,
1166 713 1239 771 ut
1278 696 1562 771 vidimus
1608 711 1941 790 tamquam
1976 706 2092 772 Dii
2128 708 2417 794 generis.
2505 703 2646 795 Cre-7

487 816 668 880 neris
715 819 956 892 autem,
999 817 1074 874 ut
1117 811 1311 873 vivus
1356 824 1640 892 praeses
1686 814 1753 872 et
1792 800 2112 891 patronus
2158 807 2478 891 naturalis
2519 823 2648 890 pa-

490 909 873 980 terfamilias
913 918 1019 975 est
1039 956 1060 992 ,
1105 912 1203 975 sic
1247 916 1399 994 post
1429 915 1705 974 mortem
1751 907 1948 997 huius
1985 927 2145 994 prae
2189 911 2474 974 caeteris
2505 908 2648 1000 erit,

489 1016 682 1081 deum
725 1011 969 1078 fac‘tum
1029 1013 1414 1098 progeniem
1464 1028 1666 1074 suam‘
1710 1012 1899 1074 tueri.
1986 1013 2158 1075 Nam
2214 1028 2361 1076 eos
2431 1029 2664 1098 genus

491 1118 675 1203 prole
719 1116 948 1184 fulcire
981 1133 1111 1178 non
1153 1131 1362 1199 posse
1406 1118 1632 1197 patet,
1678 1114 1788 1197 qui
1826 1118 1979 1176 ante
2020 1115 2430 1202 pubertatem
2471 1130 2652 1177 mor-
2752 1151 2784 1177 ‹-

490 1222 586 1285 tui
629 1216 909 1283 necdum
949 1234 987 1279 e
1036 1218 1246 1301 patris
1301 1218 1639 1299 potestate
1684 1206 1940 1279 dimissi
2000 1216 2123 1280 sub
2183 1222 2358 1281 tecto
2422 1213 2653 1279 domus

452 1392 457 1399 ,
497 1320 737 1405 sepulti
784 1325 1053 1407 essent,
1121 1335 1393 1404 quorum
1436 1316 1783 1402 sepulcra,
1838 1319 1898 1380 si
1941 1312 2090 1381 XL.
2139 1315 2312 1381 diem
2367 1317 2660 1405 infantes
2695 1317 2700 1321 ’
2803 1362 2816 1379 ι

499 1421 780 1500 nondum
826 1422 1281 1506 θηῆειὶεεθιιῐ
1316 1421 1547 1485 subter
1573 1440 1667 1484 su
1680 1439 1730 1507 g
1743 1417 2096 1506 grundis
2127 1402 2427 1483 domuum
2454 1398 2656 1495 facta,
2751 1414 2758 1417 “

498 1523 1156 1611 suggrundaria
1197 1522 1532 1607 appellat-1
1579 1539 1763 1602 esse,
1800 1498 2190 1608 Fulgentius
2237 1519 2433 1585 docet
2467 1517 2654 1605 Exp.

499 1631 712 1698 Serm.
761 1635 892 1694 ant
941 1650 1002 1714 p
1037 1631 1179 1691 171.
1225 1610 1492 1692 Muhck.
1584 1627 1673 1692 Hi
1716 1632 1954 1690 tamen
1980 1626 2322 1709 quominus
2367 1638 2657 1689 commu-

497 1731 600 1794 nis
646 1726 911 1792 honoris
960 1746 1234 1810 prorsus
1276 1732 1598 1810 expertes
1646 1729 1914 1817 essent,
1953 1724 2272 1812 religiosa
2308 1702 2676 1788 Romano-·
2745 1775 2752 1778 .

402 1908 409 1911 ⁷
499 1849 640 1891 ιιιιιι
672 1826 1023 1892 hominum
1042 1830 1258 1911 pietas
1293 1827 1643 1910 prohibuit.
1734 1825 2111 1909 Separatim
2153 1826 2355 1913 igitur
2390 1842 2657 1912 grun-

501 1927 791 1993 dilium
847 1929 1145 1993 Larum
1220 1930 1483 1992 nomine·
1540 1927 1699 1991 culti
1757 1924 2655 2010 (Cf.A1·n0b.l.p.15.)

497 2031 693 2094 Hanc
748 2030 921 2093 enim
979 2031 1133 2105 eius¹
1181 2030 1458 2095 nominis
1517 2028 1844 2112 propriam
1900 2026 2447 2112 significationem
2503 2042 2663 2090 esse

394 2206 397 2211 q
499 2131 565 2219 J.
600 2127 679 2192 G.
722 2128 1012 2195 Vossius
1058 2122 1315 2211 (Etym.
1360 2149 1419 2191 -.s
1466 2148 1529 2191 ι.
1575 2124 2023 2214 suggrunda)
2066 2128 2509 2214 sagacissime
2553 2125 2663 2192 di·-

503 2213 776 2308 tinavit,
804 2225 1027 2293 Cassii
1058 2223 1383 2295 Heminae
1428 2231 1571 2312 (ap.
1615 2225 1918 2292 Diomed.
1964 2224 2021 2308 I,
2060 2248 2120 2311 p.
2151 2229 2279 2291 379
2304 2232 2440 2313 pr.)
2473 2231 2661 2294 eius-

505 2342 634 2408 que
674 2329 1026 2389 sectatoris
1056 2328 1255 2390 Nonii
1299 2329 1398 2410 (p.
1449 2325 1639 2403 1338,
1684 2325 1772 2389 55
1799 2327 2003 2404 Bas.)
2027 2331 2495 2413 grammaticis
2537 2326 2665 2392 de-

404 2505 430 2524 (
504 2428 696 2509 liciis,
742 2429 853 2511 qui
899 2446 940 2491 a
981 2429 1623 2515 grunnientetporco
1670 2427 1884 2493 dictos
1931 2446 2089 2492 esse
2125 2427 2392 2511 volunt,
2430 2431 2663 2496 merito

505 2533 794 2598 reiectis.
883 2531 1112 2596 Adulti
1160 2538 1393 2597 contra
1454 2534 1768 2613 iuveneS,
1828 2534 1939 2618 qui
1997 2550 2107 2596 res
2148 2550 2319 2598 suas
2364 2534 2493 2599 sibi
2534 2532 2667 2598 ha-
2734 2531 2747 2538 ‘

506 2634 824 2714 buerunt,
869 2632 1257 2719 domumque
1301 2653 1540 2707 novam
1585 2641 1652 2701 et
1693 2623 1999 2700 familiam
2042 2637 2169 2704 sibi
2214 2637 2667 2720 condiderunt,

508 2736 806 2821 'pristinis
850 2737 917 2805 in
961 2735 1263 2818 aedibus,
1307 2742 1463 2821 post
1503 2744 1778 2802 mortem
1817 2737 2033 2817 lareS,
2081 2752 2247 2821 quos
2293 2744 2668 2803 mortuo-

507 2857 676 2914 rum
717 2839 1049 2924 genioS,
1092 2841 1358 2921 proprie
1387 2818 1752 2919 tumulum,
1776 2842 1906 2902 iam
1949 2851 2118 2902 vero
2154 2840 2371 2902 focum
2405 2822 2668 2904 aedium

508 2936 799 3015 tuenteS,
843 2951 1002 2997 esse
1045 2938 1451 3016 memineris,
1494 2937 1627 3019 ipsi
1670 2937 1796 3002 coli
1837 2954 1967 3001 non
2010 2938 2339 3020 potuerint
2384 2954 2669 3002 necesse

513 3042 654 3113 est,
696 3036 841 3098 site
886 3040 1200 3117 paternos
1249 3035 1414 3101 deos
1459 3038 1644 3120 ipsos
1691 3039 1759 3101 in
1793 3029 2006 3101 notas
2047 3035 2254 3100 sedes
2299 3038 2668 3103 transtule-

508 3143 698 3218 runt,
736 3140 836 3201 six
845 3153 903 3216 e,
950 3138 1124 3222 quod
1168 3141 1233 3203 in
1278 3139 1571 3223 pluribus
1616 3140 1765 3204 filiis
1810 3142 2300 3240 necessarium,
2329 3139 2435 3205 his
2478 3143 2665 3206 simi-

491 3238 603 3304 xlia
647 3245 715 3303 et
759 3236 842 3302 ad
889 3255 1112 3304 eorum
1156 3241 1377 3305 tultus
1426 3257 1757 3325 expressa
1800 3243 1995 3330 signa
2024 3244 2088 3303 in
2118 3260 2241 3304 not
2251 3260 2287 3305 o
2333 3241 2479 3306 foco
2526 3241 2667 3305 col-

510 3313 832 3408 locarunt.
923 3342 1187 3418 Rulsus
1246 3345 1592 3423 mulieres,
1649 3359 1844 3429 quae
1878 3347 2076 3409 rivae
2127 3344 2437 3407 nullum
2494 3341 2666 3408 Ge-

515 3448 732 3509 nium
775 3444 1140 3528 habebant,
1196 3455 1489 3513 mortuas
1534 3435 1781 3515 Larum
1839 3433 2104 3512 numero
2166 3451 2482 3513 contineri
2537 3465 2668 3512 ιιοιι
2749 3461 2756 3464 ·

514 3545 817 3629 potuisse
862 3546 1179 3627 sequitur.
1272 3547 1421 3625 Qua
1460 3551 1529 3611 in
1572 3567 1644 3612 re
1691 3568 1818 3635 ego
1850 3548 1921 3611 C.
1970 3543 2047 3613 Ο.
2091 3549 2347 3613 Mulieri
2391 3558 2669 3615 senten·-

514 3647 656 3709 'tiae
701 3643 1025 3716 accedere
1065 3663 1478 3744 nequaquam
1523 3668 1828 3732 possum,
1875 3652 1985 3734 qui
2030 3648 2113 3713 de
2158 3650 2424 3717 Etrusc.
2473 3652 2559 3733 11,
2603 3641 2688 3734 μ’
2729 3729 2738 3736 x

517 3749 622 3811 90.
665 3746 819 3811 ideo
860 3744 1200 3812 Genium
1244 3752 1404 3815 miris
1451 3767 1575 3815 nec
1619 3749 1962 3817 Geniam
2006 3751 2381 3819 mulieribus
2420 3755 2669 3818 adesse

520 3849 818 3928 coniicit,
886 3848 1062 3933 quod
1112 3851 1583 3938 generandi
1625 3873 1757 3920 non
1800 3857 2185 3939 pariendi
2230 3860 2287 3919 is
2339 3856 2503 3919 deus
2549 3871 2666 3916 es·
2739 3867 2744 3870 “
2835 3823 2854 3842 .

518 3954 646 4013 set.
728 3950 909 4012 Nam
966 3953 1271 4035 genius,·
1296 3960 1407 4017 ut
1400 3952 1728 4037 uidimus,
1792 3967 1923 4021 non
1980 3954 2344 4044 generandi
2402 3939 2667 4034 actioni,

516 4039 805 4133 ideoque
849 4050 1022 4130 tiro,
1068 4055 1373 4135 quoniam
1414 4057 1661 4143 gignit,
1708 4065 2009 4141 praeest,
2052 4055 2176 4119 sed
2215 4053 2453 4124 homini
2495 4072 2667 4140 qua·-
2719 4077 2723 4082 ·

516 4153 713 4211 tenus
769 4150 1187 4237 gignitur,
1260 4164 1663 4240 posteaque,
1733 4163 2106 4241 quatenus
2128 4157 2512 4242 genitus
2538 4162 2668 4234 est,

382 4277 407 4302 κ
512 4235 798 4333 eamque
824 4245 917 4315 -ob
947 4269 1218 4318 causam
1241 4274 1377 4322 non'
1398 4260 1615 4345 magis
1644 4261 1829 4341 viris,
1870 4275 2067 4343 quam
2094 4259 2480 4324 mulieribus
2518 4278 2667 4343 po-
