3013 4888
450 315 594 396 '112
712 269 716 276 ¹

391 467 396 472 ’
467 457 780 541 memoria
820 477 1298 555 Romanorum,
1342 474 1675 550 doctorum
1717 476 2055 560 imprimiS,
2097 474 2332 539 animis
2362 473 2607 553 haesit,

468 585 542 644 ut
579 597 665 643 ne
700 582 829 665 ipsi
874 578 1134 665 quidem
1181 597 1405 643 seeum
1453 577 1785 654 dissidere
1827 583 2235 660 vererentur,
2276 584 2347 643 et
2374 596 2665 662 quam-2

332 711 348 735 ι
467 682 575 745 vis
632 681 874 744 Larum
947 675 1332 765 praestitum
1396 686 1666 762 natura,
1739 680 2039 764 quamvis
2096 680 2245 761 ipse
2301 696 2607 743 numerus

471 785 780 866 obesset,
852 786 1044 858 novis
1099 782 1269 847 hanc
1329 782 1778 847 difficultatem
1825 788 1894 845 et
1931 781 2233 846 inanibus
2277 779 2646 866 figmentis·

469 887 699 953 tollere
719 925 741 968 -,
811 905 1002 971 quam
1045 893 1431 971 occupatam
1479 887 1682 950 semel
1721 892 1790 949 et
1831 884 2202 949 adamatam
2244 886 2609 969 opinionem
2680 869 2691 888 ⁸

475 988 789 1054 deserere
848 988 1132 1052 mallent.
1220 985 1365 1067 Qua
1405 990 1471 1052 in
1513 1005 1587 1052 re
1629 987 1800 1052 duae
1838 995 2189 1072 praecipue
2233 1004 2482 1068 causae
2520 988 2607 1051 iis
2693 1007 2700 1030 ²

467 1091 869 1181 commodum
927 1093 1272 1175 suppetias
1327 1093 1654 1169 tulerunt,
1724 1111 1997 1176 quarum
2049 1092 2254 1176 prima
2309 1077 2628 1170 sanctae,

470 1197 706 1281 quibus
743 1191 1080 1280 'penatium
1128 1196 1339 1260 cultus
1387 1197 1735 1261 obvolutus
1782 1202 1948 1277 erat,
1993 1196 2330 1276 tenebrae,
2375 1194 2633 1273 alteras

203 1281 206 1288 ’
331 1297 344 1304 “
431 1285 639 1383 'quod
685 1300 991 1380 Lavinii,
1063 1297 1238 1363 uude
1295 1300 1510 1363 omnia
1552 1299 1976 1363 Troianorum
2017 1298 2378 1362 fabularum
2421 1299 2609 1362 initia

464 1404 531 1466 in
588 1403 848 1466 Latium
905 1408 972 1465 et
1028 1402 1264 1496 Urbem
1319 1403 1803 1489 migraverunt,
1866 1401 2157 1466 Penates
2205 1400 2297 1465 dii
2330 1397 2605 1466 ‘inventi

465 1499 654 1581 sunt,
712 1503 851 1566 cu'm
896 1503 1048 1585 ipsa
1089 1503 1300 1567 Vesta
1340 1499 1570 1580 (Serv.
1611 1499 1692 1565 ad
1739 1501 1818 1566 V.
1864 1502 1944 1566 A.
1990 1500 2088 1583 11,
2130 1502 2275 1565 296.
2319 1500 2454 1582 111,
2502 1502 2600 1565 12.
2666 1529 2671 1541 ν

435 1602 754 1667 ‘Macrob.
799 1601 888 1684 11,
932 1605 1034 1681 4.)
1085 1604 1150 1668 in
1197 1602 1638 1667 communibus
1685 1600 1905 1687 oppidi
1941 1602 2387 1686 penetralibus
2427 1601 2607 1682 culti,

461 1723 728 1787 quorum
757 1708 952 1778 etiam
979 1724 1283 1770 numerus
1314 1741 1394 1750 ——
1422 1703 1529 1770 hic
1557 1707 1725 1769 enim
1755 1711 1967 1789 usque
1992 1704 2160 1769 adeo
2191 1706 2605 1789 praecipuum

464 1812 534 1871 et
589 1806 1023 1875 firmissimum
1083 1807 1486 1900 confusionis
1542 1807 1944 1873 obstaculum
1984 1841 2067 1855 ·—-
2111 1807 2428 1871 Romanis
2472 1822 2603 1893 ge-

461 1911 655 1973 minis
699 1930 821 1994 par
865 1920 1030 1977 erat.
1106 1913 1262 1977 ‘Hos
1306 1912 1540 1995 quibus
1599 1913 1855 1975 acutius
1906 1907 2213 1975 iudicium
2261 1907 2604 1974 Castorem

461 2018 532 2076 et
577 2012 904 2081 Pollucem
960 2018 1530 2080 existimaverunt.
1639 2005 1826 2094 Quod
1890 2017 1957 2078 in
2016 2012 2285 2099 oppido,
2348 2015 2415 2076 in
2473 2029 2598 2096 quo

460 2114 631 2177 situs
700 2120 1059 2181 maritimus
1132 2123 1200 2182 et
1270 2117 1677 2203 navigationi
1746 2121 2144 2199 opportunus
2211 2116 2601 2179 marinorum

462 2208 754 2281 Deorum
803 2220 1000 2285 cultui
1045 2221 1413 2304 cumprimis
1458 2220 1764 2296 favebat,
1808 2234 2124 2303 perquam
2169 2226 2276 2282 est
2319 2235 2598 2282 consen-

456 2323 735 2383 taneum.
820 2323 989 2385 Nam
1019 2323 1251 2405 interp.
1283 2323 1465 2385 Lion.
1498 2320 1585 2385 ad
1611 2322 1797 2407 Vin-g.
1830 2322 1996 2385 Aen.
2027 2319 2149 2401 III,
2194 2321 2307 2382 12:
2357 2317 2596 2403 „Var-

335 2409 338 2416 ”
454 2440 537 2487 ro
593 2430 661 2488 et
717 2424 829 2489 alii
884 2425 1241 2510 complures
1296 2442 1570 2512 magnos
1633 2421 1796 2488 deos
1859 2422 2182 2487 affirmant
2240 2424 2598 2490 simula-

458 2541 602 2588 cra
646 2524 802 2592 duo
846 2526 1175 2609 virili‘a,
1234 2523 1625 2591 Castoris
1666 2531 1734 2590 et
1769 2524 2187 2608 PolluciS,
2242 2529 2309 2590 in
2355 2526 2599 2594 Samo-

456 2624 713 2692 thracia
753 2635 907 2695 ante
946 2637 1197 2716 portam
1242 2633 1409 2712 sita,
1472 2630 1708 2714 quibus
1748 2629 2097 2717 naufragio
2138 2629 2401 2718 liberati
2441 2638 2600 2697 vota

456 2730 823 2797 solvebant.
870 2768 955 2781 --
994 2734 1174 2799 -Dii
1219 2740 1577 2819 penates
1620 2751 1661 2797 a
1707 2724 2295 2799 Samothracia
2339 2735 2600 2818 sublati,
2722 2792 2727 2799 s

457 2832 542 2897 ab
581 2834 813 2929 ⁴jhenea
862 2838 929 2900 in
973 2835 1229 2900 ltaliam
1276 2833 1543 2899 advecti
1586 2838 1742 2898 sunt
1782 2882 1798 2898 .
1840 2843 1867 2897 .'
1907 2880 1961 2916 .,
2015 2853 2178 2919 quos
2221 2837 2391 2899 inter
2435 2854 2600 2900 cae-

456 2937 602 2997 tera
644 2935 794 3000 ideo
838 2955 1188 3020 magnos
1229 2936 1595 3019 appellant,
1634 2933 1804 3018 quod
1850 2933 1934 2998 de
1977 2936 2329 3001 Lavinio
2368 2944 2597 3001 trans-

452 3032 570 3099 lati
611 3037 886 3100 Romam
904 3082 927 3115 ,
974 3039 1076 3101 bis
1114 3039 1183 3100 in
1224 3038 1434 3101 locum
1461 3057 1649 3101 suum
1677 3035 2063 3103 redierint'.“
2153 3036 2402 3118 Quibus
2437 3058 2595 3103 ver-2
2682 3036 2687 3042 ’

454 3137 559 3202 bis
599 3157 999 3228 magnopere
1044 3140 1220 3206 subit
1261 3142 1522 3222 mirari,
1582 3139 1753 3224 quod
1793 3141 2025 3206 Varro·
2049 3142 2196 3226 ipse
2235 3142 2311 3206 L.
2350 3141 2431 3206 L.
2475 3140 2594 3225 lv,

451 3240 545 3305 56
580 3242 757 3318 Mun.
803 3264 1074 3329 prorsus
1106 3246 1435 3310 contraria
1462 3242 1692 3308 habet:
1733 3245 1834 3325 „T
1855 3263 2044 3309 erra
2080 3246 2249 3307 enim
2278 3252 2345 3311 et
2378 3241 2596 3311 ‘Coe-

351 3340 356 3347 ’
451 3343 641 3427 lum,
703 3354 774 3413 ut
818 3346 1314 3414 Samothracum
1355 3349 1543 3412 initia
1587 3346 1858 3431 docent,
1917 3340 2072 3413 sunt
2107 3347 2264 3412 Dei
2305 3349 2603 3435 Magni
2720 3338 2721 3341 ¹

454 3453 525 3511 et
560 3447 640 3512 hi
678 3470 880 3533 quos
927 3451 1104 3516 dixi
1146 3451 1366 3516 multis
1409 3452 1796 3516 nominibus,
1883 3452 1950 3516 N
1965 3470 2094 3531 on,
2139 3470 2308 3535 quas
2349 3451 2618 3518 Samo--

453 3548 708 3616 thracia
769 3561 923 3618 ante
969 3561 1195 3637 portas
1253 3555 1488 3619 statuit
1541 3552 1709 3618 duas
1768 3554 1976 3619 virilis
2035 3557 2389 3638 species
2442 3573 2593 3619 ate-

455 3669 655 3717 neas
670 3701 691 3734 ,
764 3653 896 3718 Dei
933 3650 1197 3743 Magni:
1261 3673 1477 3739 neque
1524 3661 1595 3719 ut
1635 3655 1874 3743 volgus
1920 3652 2142 3739 putat,
2200 3658 2249 3721 ii
2288 3654 2595 3721 Samo-

453 3754 798 3821 thraces
849 3757 1036 3839 Dei,
1123 3759 1257 3842 qui
1308 3756 1607 3822 Castor
1663 3765 1745 3822 et
1800 3757 2129 3842 Pollux3
2193 3758 2316 3823 sed
2361 3762 2405 3824 ii
2447 3778 2593 3823 mas

456 3864 521 3921 et
559 3858 869 3925 femina.“
957 3859 1107 3929 Hoc
1145 3861 1346 3947 igitur
1374 3866 1642 3941 certum,
1685 3858 1872 3923 iuxta
1912 3850 2371 3924 Varronem
2404 3859 2590 3923 Deos

452 3979 731 4049 magnos
759 3946 898 4027 'non
941 3964 1156 4027 fuisse
1199 3962 1623 4044 mosem-oss
1658 3980 1783 4027 nec
1823 3979 1965 4027 eum
2009 3965 2071 4027 si
2106 3967 2382 4047 penates
2427 3976 2591 4022 eos-

445 4052 601 4127 dem
640 4082 719 4128 ac
760 4066 1048 4154 Magnos
1084 4065 1305 4147 DeoS,
1360 4066 1673 4131 Lavinius
1720 4073 1936 4132 autem
1972 4071 2252 4151 penates
2291 4059 2591 4144 haberet,

450 4165 572 4231 hos
617 4169 800 4251 ipsos
842 4166 1189 4234 Castorem
1233 4176 1302 4257 et
1337 4167 1662 4234 Pollucem
1704 4168 2089 4235 credidisse.
2176 4165 2381 4250 Atqui
2429 4185 2593 4239 eos-

459 4268 607 4335 dem
648 4287 792 4334 eum
824 4277 1139 4357 utrosque
1177 4274 1528 4338 censuisse
1569 4277 1643 4337 ut·
1672 4270 2042 4337 diffidamus
2064 4289 2200 4337 non
2225 4271 2386 4337 sinit
2415 4268 2591 4337 Ser-
