3013 4888
429 478 444 491 ἢ

485 522 557 607 1,
596 522 687 589 46
740 522 921 590 Urbe
971 520 1056 587 ab
1111 517 1428 590 hostibus,
1461 526 1676 604 -capta
1731 520 2032 585 Aeneam
2078 536 2234 584 cum
2289 517 2620 602 frequenti

483 624 890 692 multitudine
931 625 999 688 in
1034 622 1299 703 arcem,
1352 618 1422 686 ἐν
1459 607 1506 706 ᾗ
1548 616 1660 685 καὶ
1705 614 1892 707 ἱερὰ
1930 617 2028 683 τὰ
2072 619 2430 705 πατριῦα
2477 620 2622 694 τοῖς

489 716 816 815 Τρωσὶν
775 750 874 812 ην,
911 743 992 792 se
1020 726 1364 810 recepisse
1389 722 1614 788 tradit.
1671 723 1867 789 Hanc
1893 740 2152 807 quoque
2177 740 2374 806 quum
2396 717 2623 795 Grae-
2667 725 2670 730 ’
2698 809 2699 816 ¹

486 830 588 894 cis
611 828 889 916 gravius
935 824 1378 910 prementibus
1405 822 1777 906 relinquere
1806 829 2081 888 coactus
2109 827 2320 899 esset,
2365 821 2622 894 abeun-

485 936 621 994 tem
665 929 851 1012 ipsos
882 943 963 1014 se
1009 931 1077 991 et
1105 926 1350 1011 patria
1363 942 1562 988 sacra
1600 940 1913 990 servare
1921 917 2041 1002 (τὰ
2085 919 2160 986 δὲ
2204 915 2482 1001 σώματα
2511 942 2625 982 και

486 1024 570 1091 τὰ
614 1021 802 1113 ιερὰ
845 1026 1210 1118 πατριῦα
1241 1013 1755 1116 διασώσασθαι)
1799 1025 2103 1089 iussisse.
2187 1022 2382 1092 Hane
2420 1021 2623 1085 fabu-

485 1126 614 1192 lam
661 1123 833 1211 quod
860 1124 1181 1213 Urgilius
1225 1124 1549 1211 neglexit,
1589 1141 1676 1188 ne
1716 1122 2159 1188 miserabilem
2196 1122 2441 1187 Priami
2467 1126 2623 1186 ante

489 1246 645 1294 aras
705 1232 772 1292 et
826 1228 1096 1310 patrios
1120 1225 1307 1291 Deos
1368 1225 1678 1291 trucidati
1736 1227 1981 1291 exitum
2026 1228 2388 1301 omitteret,
2447 1208 2624 1286 haud

489 1329 728 1396 callide
771 1329 1044 1410 fecisse,
1084 1329 1478 1414 multumque
1523 1327 1780 1396 decoris
1820 1327 1972 1393 inde
2013 1328 2285 1392 carmini
2328 1344 2452 1390 suo
2498 1324 2623 1388 de·
2702 1357 2703 1360 π
2790 1293 2811 1388 ,’

488 1434 785 1500 traxisse
830 1429 1307 1496 existimamus
1394 1429 1500 1496 Ita
1541 1433 1712 1495 enim
1753 1428 1844 1513 id,
1888 1450 2013 1515 quo
2050 1435 2260 1514 totum
2300 1424 2623 1510 Aeneidis
2746 1515 2749 1518 Δ

490 1541 948 1624 argumentum
992 1541 1320 1620 tamquam
1380 1536 1447 1599 in
1501 1534 1774 1602 cardine
1817 1541 2158 1618 versatur,
2216 1535 2453 1600 leviter
2502 1551 2625 1596 so·-

489 1638 621 1704 lum
676 1638 1008 1725 attingere
1060 1638 1290 1721 potuit.
1388 1636 1561 1703 Nam
1617 1655 1813 1722 quum
1884 1636 2007 1702 boc
2070 1637 2335 1702 efficere
2403 1633 2649 1714 vellet)

490 1747 565 1807 ut
603 1740 828 1807 Juliae
870 1740 1097 1827 gentis
1149 1757 1317 1803 avus
1357 1737 1666 1805 Troianis
1710 1742 1923 1807 sacris
1970 1747 2037 1806 et
2080 1742 2331 1826 imperii
2386 1740 2628 1826 pigno-

491 1844 674 1910 ribus
719 1843 913 1906 Latio
971 1841 1171 1904 illatis
1227 1843 1508 1905 nominis
1555 1844 1835 1908 Romani
1881 1846 2297 1910 maiestatem
2338 1841 2630 1907 Deorum

415 1947 428 1956 “
493 1946 940 2032 praesentium
984 1943 1181 2008 ductu
1209 1948 1277 2007 et
1316 1946 1577 2008 numine
1621 1945 1999 2010 condidisse
2024 1946 2388 2024 videretur,
2436 1961 2636 2030 quamq

492 2046 650 2115 illud
695 2045 914 2112 hercle
957 2046 1188 2110 melius
1233 2050 1302 2110 et
1331 2044 1672 2111 efficacius
1717 2054 2120 2133 assequutus
2153 2054 2362 2131 esset,
2407 2051 2471 2114 si
2508 2065 2632 2111 sa-
2720 2066 2741 2107 ·,

495 2171 612 2224 cra
634 2154 1073 2220 Romanorum
1113 2151 1331 2236 patria
1375 2157 1443 2217 et
1482 2151 1781 2235 publicos
1823 2157 2125 2237 penates,
2167 2152 2438 2218 Troiani
2467 2171 2634 2236 quo-

496 2275 625 2342 que
667 2255 887 2341 populi
930 2274 1124 2340 quum
1162 2253 1457 2338 publica,
1500 2260 1636 2320 tum
1678 2257 1911 2342 regiae
1952 2257 2214 2341 gentis,
2256 2256 2444 2321 cuius
2487 2254 2637 2319 Ae-

496 2374 666 2422 neas
715 2355 960 2420 Priami
1005 2354 1188 2440 prole
1234 2358 1467 2432 excisa
1512 2356 1698 2420 solus
1744 2368 1812 2420 et
1850 2357 2184 2444 legitimus
2229 2363 2375 2421 erat
2404 2355 2637 2435 heres,
2674 2424 2681 2447 ἱ

498 2459 762 2547 propria
816 2458 1034 2523 fuisse
1097 2455 1640 2527 demonstrasset.
1743 2459 1905 2523 Tum
1966 2460 2135 2523 enim
2206 2476 2382 2524 nova
2435 2457 2639 2538 Troia

501 2554 785 2647 (,‚Troia
827 2557 1084 2622 Roma“
1131 2555 1324 2641 Prop.
1368 2555 1500 2639 lv,
1550 2556 1756 2639 1,”87
1815 2557 1955 2624 coll.
2017 2579 2078 2623 v.
2120 2557 2251 2640 ⁵3,
2306 2576 2450 2622 cum
2508 2577 2638 2641 quo

500 2659 990 2746 componendus
1032 2661 1265 2744 interp.
1301 2658 1717 2725 Veronensis
1761 2659 1850 2726 ad
1892 2662 2054 2727 Aen.
2092 2660 2182 2743 11,
2221 2661 2378 2724 ⁷03:
2430 2658 2640 2744 „dis-

502 2765 834 2830 cessionis
881 2769 949 2828 et
989 2762 1335 2829 vaticinii.
1389 2763 1898 2883 «reparandae
1938 2768 2165 2854 gentis
2216 2766 2387 2829 intel
2388 2782 2565 2850 pre
2633 2760 2650 2775 ”

503 2868 770 2935 utnon
809 2863 1153 2947 perisse
1196 2809 1524 2928 Troiam
1569 2854 2010 2950 signorum
2068 2866 2643 2949 praesentium

433 3007 437 3012 -
504 2964 967 3027 maiestate
1000 2960 1498 3044 „doceatur“
1556 2964 1665 3026 ubi
1709 2963 1891 3048 lege:
1949 2962 2007 3026 d.
2051 2963 2118 3027 id
2161 2965 2532 3047 vaticinium
2577 2969 2645 3028 et

506 3040 921 3149 reparandae
971 3082 1038 3150 g.
1081 3065 1512 3148 interpretor)
1572 3065 1881 3153 Augusto
1943 3084 2138 3131 sacra
2196 3085 2321 3131 sua
2377 3066 2644 3149 debere,

510 3180 866 3249 curamque
932 3181 1155 3228 eorum
1215 3163 1406 3228 simul
1459 3184 1603 3230 cum
1658 3166 1912 3250 imperii
1983 3165 2263 3239 habenis
2317 3173 2645 3252 tamquam

508 3269 616 3333 ius
658 3263 1125 3331 bereditarium
1167 3270 1239 3330 et
1279 3267 1630 3350 nepotibus
1673 3268 1884 3353 regiis
1928 3266 2162 3332 iniuria
2185 3272 2321 3332 tam
2366 3266 2478 3333 diu
2522 3285 2648 3333 ne-
2738 3332 2741 3341 ff

509 3357 739 3455 gatuin
780 3363 872 3429 illi
915 3363 1278 3437 tradidisse
1321 3365 1677 3465 ιζίἀειειιιι.
1766 3367 2123 3456 Virgilius
2117 3374 2346 3433 contra
2390 3368 2497 3433 ubi
2534 3386 2650 3434 re-

351 3524 356 3531 .
401 3488 408 3493 *
512 3485 655 3532 rum
691 3464 920 3530 ordine
965 3484 1279 3532 enarrare
1323 3471 1620 3555 cogitur,
1679 3470 1835 3553 qui
1847 3470 2090 3534 factum
2134 3472 2260 3551 sit,
2313 3476 2385 3536 ut
2427 3468 2651 3537 hostili

514 3566 655 3654 igni
688 3583 885 3630 sacra
917 3573 1148 3652 erepta
1177 3586 1291 3633 ser
1295 3590 1331 3634 ι
1336 3578 1627 3651 arentur,
1668 3570 2070 3637 transeundo
2098 3573 2315 3657 potius
2343 3579 2412 3637 et
2439 3590 2653 3658 paene

325 3642 344 3657 ‚‚
412 3673 434 3733 ζ
515 3667 742 3739 timide
783 3665 1048 3734 indicat.
1137 3670 1305 3734 Nam
1362 3668 1486 3734 hoc
1544 3677 1796 3737 tantum
1850 3672 2122 3739 Aeneas
2180 3681 2430 3760 patrem
2484 3675 2656 3746 allo--

520 3774 745 3850 cutuS,
786 3768 870 3850 V,
904 3770 1063 3834 ⁷1¹7:
1123 3770 1269 3852 ,,Τιι
1308 3773 1613 3860 genitor,
1668 3790 1837 3858 cape
1874 3793 2078 3841 sacra
2118 3796 2314 3841 manu
2360 3780 2655 3862 patrios-

521 3889 650 3957 que
694 3877 991 3955 penates.
995 3872 1039 3908 “
1123 3873 1299 3938 Nam
1344 3873 1690 3940 Anchisae
1735 3877 2027 3961 domum,
2086 3880 2385 3964 quamvis
2422 3879 2656 3963 regiae

453 4069 458 4072 ἤ
523 3977 906 4060 cognatam,
960 3974 1173 4057 ipsam
1217 3979 1494 4063 regiam,
1537 3981 1771 4044 atrium
1818 3983 1916 4059 cii
1922 3984 2104 4046 itatis
2149 3979 2529 4062 templum,
2524 3980 2656 4056 fo·-

524 4090 668 4139 cum
710 4073 1032 4158 publicam
1079 4076 1327 4141 Vestae
1385 4095 1568 4143 aram
1612 4085 1679 4145 et
1736 4080 2099 4165 penetralia
2153 4077 2687 4164 haudquaquam

525 4173 744 4238 fuisse
768 4174 935 4239 bene
977 4178 1214 4241 novit.
1264 4178 1504 4263 Neque
1532 4177 1700 4245 baec
1731 4181 2033 4245 molestia
2079 4184 2147 4244 et
2186 4181 2465 4245 interius
2491 4201 2663 4267 quoe

529 4271 872 4339 dammodo
920 4279 1290 4364 argumenti
1335 4279 1521 4344 ulcus
1537 4325 1559 4361 ‚
1602 4278 1774 4364 quod
1819 4286 2015 4382 poeta
2053 4283 2201 4368 ipse
2247 4282 2417 4350 bene
2442 4284 2662 4381 sensit
2763 4274 2775 4286 ’
