3013 4888
243 365 655 440 „400

525 513 902 603 auditisque
942 514 1138 596 kluos
1157 528 1360 597 snpra
1403 510 1602 575 citat
1581 527 1756 574 nnus
1796 508 2114 613 testibus,
2160 511 2490 574 revocatis
2536 509 2661 574 de-
2741 556 2752 563 -

506 619 719 701 -nique
758 621 917 681 -ante
961 617 1196 679 mentis
1229 612 1697 706 quodammodo
1743 614 1949 677 aciem
1978 614 2256 689 Romani
2300 614 2447 698 fori,
2490 635 2659 700 qua-

398 794 399 799 *
522 718 624 783 les
687 725 841 803 post
895 725 1118 783 tantas
1181 718 1589 782 saeculorum
1647 718 1869 781 ruinas
1928 715 2254 803 refingere
2311 721 2657 806 peregrino

416 817 458 875 ξ
526 826 590 885 'et
633 821 895 886 absenti
943 820 1131 899 licet,
1180 819 1541 903 qualesque
1579 819 1770 883 nobis
1812 835 2073 902 semper
2114 819 2193 882 ob
2243 819 2466 884 oculos
2502 839 2659 885 ver-
2715 844 2730 849 ·

527 925 661 988 sati
707 928 879 1002 sunt,
924 922 1159 986 finibus
1197 928 1265 987 et
1306 925 1468 986 situ:
1513 921 1798 1006 Superbi
1835 920 2094 1002 -domuS,
2144 924 2205 985 si
2245 914 2461 988 tamen
2495 942 2661 989 con--

504 1022 632 1092 'tra
684 1026 878 1103 Jovis
949 1025 1243 1111 Statoris·
1300 1024 1536 1091 aedem
1593 1027 1812 1110 posita
1867 1017 2110 1116 fuisset·
2144 1027 2299 1105 „in
2357 1015 2659 1095 'summ-

529 1142 781 1190 sacra
824 1127 958 1189 via
1003 1124 1102 1189 ad
1146 1124 1567 1207 Palatium
1604 1122 2221 1205 tendentibus“,
2264 1143 2406 1189 eam
2441 1129 2660 1210 ‘ipsam

460 1260 463 1271 ·
530 1225 784 1291 domum
829 1227 1094 1308 fuisse,
1143 1230 1330 1292 cuius
1377 1245 1635 1309 aream,
1698 1229 1811 1308 „in
1869 1226 2082 1292 infimo
2146 1227 2309 1293 cliro
2365 1229 2659 1313 Palatino

531 1332 679 1395 sub
743 1329 987 1394 Velia
1057 1333 1252 1395 situm
1306 1330 1612 1414 Populus
1656 1330 1995 1395 Romanus
2060 1336 2212 1414 post
2279 1324 2529 1398 dirutas
2594 1336 2659 1398 in

526 1447 831 1492 summa
876 1429 1114 1494 Velia
1153 1429 1359 1495 aedes
1408 1431 1663 1494 civibus
1701 1439 2062 1512 suspectas
2091 1429 2407 1512 dedisset,
2448 1451 2657 1516 appa-

527 1530 675 1593 ruit.
774 1529 893 1596 Sic
937 1534 1102 1595 enim
1128 1534 1279 1596 eius
1313 1530 1542 1596 domus
1574 1533 1768 1594 situm
1809 1528 2184 1594 describunt
2220 1533 2451 1596 Livius
2477 1531 2564 1613 ΙΙ,
2592 1532 2656 1599 7.

504 1622 808 1715 Dionys.
865 1635 1019 1697 Hal.
1062 1635 1158 1714 V,
1204 1635 1301 1696 19.
1358 1633 1525 1697 Plut.
1584 1633 1770 1697 Publ.
1824 1633 1923 1701 10.
1970 1635 2192 1698 ero
2248 1653 2352 1719 ap.
2415 1637 2657 1701 Ascon.
2731 1690 2741 1705 s

529 1731 615 1797 ad
663 1730 798 1799 Cic.
843 1736 982 1800 Pis.
1025 1735 1128 1799 22.
1215 1737 1280 1800 A
1323 1717 1559 1820 quibus
1598 1756 1763 1800 unus
1808 1726 2228 1801 Declamator
2270 1737 2352 1801 de
2395 1738 2654 1824 harusp.

529 1841 870 1922 responsis
925 1838 1149 1920 8,16.
1211 1838 1570 1903 dissentire
1639 1839 1930 1921 ridetur,
1987 1842 2094 1924 qui
2154 1842 2232 1905 ob
2299 1840 2365 1905 id
2425 1845 2657 1926 ipsum,

529 1941 660 2003 nisi
702 1943 830 2004 iam
877 1945 1211 2006 convictus
1256 1949 1477 2021 esset,
1525 1941 1801 2017 νοθείας
1844 1943 2224 2030 arguendus
2271 1951 2497 2009 contra
2553 1946 2657 2009 ie·-

524 2044 823 2130 gitimum
869 2044 1128 2109 dicendi
1172 2063 1358 2108 usum
1402 2064 1533 2109 non
1574 2047 1743 2109 satis
1788 2055 2094 2109 accurate
2136 2049 2248 2127 „in
2277 2048 2333 2110 V
2341 2048 2510 2111 eha“
2542 2066 2653 2132 pro

529 2144 661 2228 „ad
707 2148 1033 2212 Veliam“
1049 2149 1151 2212 vel
1198 2149 1412 2235 „infra
1451 2149 1754 2212 Veliam“
1798 2149 2059 2232 scribit3
2102 2149 2275 2214 unde
2315 2167 2495 2214 error
2533 2164 2697 2214 na-‘
2771 2122 2776 2145 Ἢ

486 2274 491 2295 ⁴
531 2253 640 2313 tus
686 2268 727 2313 a
770 2253 932 2314 viris
980 2251 1191 2316 doctis
1238 2250 1320 2316 ad
1364 2271 1556 2314 unum
1600 2253 1895 2315 omnibus
1957 2254 2050 2315 ita
2095 2234 2532 2339 propagatus,
2588 2259 2657 2318 ut

530 2353 653 2433 „in
700 2354 945 2417 Velia“
989 2360 1056 2418 et
1099 2338 1282 2434 „sub
1328 2355 1575 2418 Velia“
1640 2374 1692 2417 s.
1735 2355 1964 2434 „infra
2013 2355 2325 2418 Veliam“
2373 2356 2659 2421 eandem

532 2473 691 2530 esse
720 2460 1053 2543 regionem
1082 2458 1445 2540 crederent,
1489 2479 1684 2543 quum
1713 2460 1856 2522 Li‘r‘
1839 2478 1943 2521 ius
1975 2455 2096 2519 hoc
2123 2459 2376 2520 nomine
2405 2466 2659 2550 utrum-

531 2577 661 2644 que
701 2560 908 2625 locum
955 2560 1310 2643 discernat,
1352 2570 1424 2626 ut
1461 2563 1774 2644 altiorem,
1816 2563 1927 2626 ubi
1965 2560 2488 2648 priusVaierius
2534 2579 2659 2625 ae-

520 2660 948 2744 'dimam-at,
1003 2668 1114 2747 „in
1160 2684 1409 2730 summa
1464 2667 1524 2730 V
1530 2666 1728 2742 elia‘f,
1776 2665 2048 2729 alterum
2105 2664 2318 2744 „infra
2359 2664 2659 2732 Veliam“

529 2764 848 2860 appellet,
916 2766 1281 2849 Dionysius
1340 2773 1556 2829 autem
1625 2768 1905 2849 priorem
1960 2765 2167 2829 locum
2226 2763 2657 2830 imminentem

529 2865 668 2929 foro
717 2857 789 2945 (v
808 2888 862 2927 π
879 2887 910 2928 ε
925 2889 963 2951 ρ
980 2891 1017 2928 κ
1032 2890 1061 2929 ε
1076 2863 1102 2929 ί
1114 2890 1159 2947 μ
1178 2890 1208 2930 ε
1223 2891 1255 2929 ν
1272 2889 1306 2929 ο
1322 2891 1356 2929 ν
1399 2867 1517 2947 τῆς
1546 2858 1793 2951 αγορᾶς
1835 2890 1871 2929 ιι
1895 2876 1950 2950 ψ
1968 2888 2005 2949 η
2025 2862 2109 2927 λ
2080 2889 2114 2926 ο
2130 2890 2163 2927 ν
2211 2863 2519 2941 ἐπιεικῶς
2541 2861 2655 2931 καὶ

530 2964 892 3050 περίτοιιον
952 2989 1026 3029 ον
1083 2966 1393 3029 καῑοιισιν
1444 2960 1513 3025 'E
1528 2966 1563 3027 λ
1585 2962 1752 3045 ίαν)
1809 2966 1987 3030 dicat
2045 2969 2184 3045 (cui
2238 2971 2651 3048 consentiens
2684 2984 2692 2993 '
2719 3041 2725 3054 Ι
2751 3020 2758 3028 ,

527 3066 950 3132 Plutarchus:
994 3066 1192 3131 Καὶ
1174 3064 1297 3153 γὰρ
1322 3058 1548 3142 όντως
1599 3060 1714 3129 Οὗ.
1759 3058 1916 3151 ᾤκει
1958 3049 2318 3153 τραγικώτε
2303 3092 2469 3154 οον,
2515 3068 2652 3135 επὶ
2747 3147 2750 3152 Ι
2797 3069 2798 3074 ’

527 3165 646 3255 τὴν
716 3168 1120 3255 καλουμένην
1165 3163 1475 3247 Οὐελίαν,
1552 3164 1767 3232 οἰκίαν
1833 3167 1865 3233 ἕ
1882 3194 1933 3234 π
1952 3194 1974 3233 ι
1992 3195 2029 3232 κ
2045 3194 2082 3257 ρ
2100 3194 2130 3233 ε
2144 3194 2189 3250 μ
2210 3194 2251 3233 α
2267 3194 2307 3233 ιι
2327 3170 2359 3235 έ
2372 3195 2405 3234 ν
2421 3198 2507 3258 ην
2543 3195 2599 3235 τ
2605 3176 2650 3259 ῆ

482 3319 483 3328 ,
525 3260 833 3356 ἀγορᾷ,
889 3267 1002 3333 καὶ
1054 3270 1456 3355 καθορῶσαν
1506 3265 1592 3345 ἐξ
1631 3264 1901 3346 ὕψους
1954 3264 2218 3333 ἅπαντα
2276 3265 2651 3357 δυσπρόσο-

476 4487 489 4528 3

531 3372 705 3454 δον),
751 3376 1022 3441 alterum
1052 3383 1269 3440 autem
1311 3375 1672 3440 subiectum
1704 3376 1850 3440 colli
1896 3379 1991 3441 ita
2032 3376 2386 3457 describat,
2422 3385 2494 3441 ut
2536 3399 2651 3461 pro

528 3476 837 3539 concione
879 3476 1276 3540 Publicolam
1323 3475 1642 3540 dicentem
1689 3478 1926 3555 saciat,
1984 3479 2113 3541 iam
2168 3475 2396 3563 populo
2455 3478 2654 3543 deor-

522 3596 676 3641 sum
718 3576 1042 3661 lapidibus
1087 3586 1325 3661 petere?
1361 3595 1460 3659 se,
1504 3581 1566 3642 si
1612 3579 1765 3662 quid
1817 3582 2282 3643 commissurus
2328 3581 2652 3664 videatur,
2752 3603 2762 3614 ·

526 3677 1283 3766 licere.‘Cs.'praete=-ea
1339 3684 1486 3746 infr.
1545 3702 1687 3767 cap.
1737 3684 1827 3750 18.
1915 3688 2060 3751 Nec
2124 3696 2304 3753 certe
2349 3673 2650 3762 Valerius

525 3784 638 3846 ubi
680 3782 875 3847 veliet
920 3782 1271 3847 aedificare
1314 3786 1556 3867 potuit,
1615 3803 1737 3849 nec
1780 3788 2056 3870 populus
2112 3793 2174 3853 ei
2216 3810 2435 3855 aream
2490 3811 2651 3856 con-

527 3883 766 3950 cedere
809 3887 935 3949 nisi
980 3885 1120 3949 loco
1160 3885 1411 3969 publico
1441 3922 1522 3932 -—
1554 3888 1944 3971 publicas
1976 3899 2192 3955 autem
2238 3892 2493 3957 aedes
2524 3893 2649 3959 da·-

525 3994 632 4053 tas
692 3988 901 4052 Varro
959 3987 998 4051 1.
1057 3988 1096 4051 l.
1156 3991 1288 4070 ait,
1361 3990 1626 4073 quales·
1665 3991 1894 4075 pulsis*
1945 3981 2217 4079 regibus
2279 3997 2650 4079 Tarqui·
2727 4059 2752 4074 „

525 4092 840 4158 niorum
885 4089 1116 4156 domus
1156 4097 1225 4189 et
1265 4094 1412 4179 agri
1467 4093 1647 4157 facta
1691 4100 1845 4158 sunt
1887 4095 2007 4174 (cf.
2054 4096 2199 4158 Liv.
2239 4094 2339 4177 11,
2372 4096 2433 4162 5.
2477 4099 2649 4162 Dio-

528 4209 677 4273 nys.
727 4193 821 4272 V,
865 4193 1035 4272 130.
1116 4193 1289 4258 Hinc
1331 4198 1551 4258 autem
1595 4213 1724 4259 non
1767 4195 1938 4260 levis
1992 4194 2279 4260 calculus
2326 4197 2652 4262 accedere

533 4293 841 4392 videatur
879 4298 1200 4385 egregiae
1248 4299 1479 4397 summi
1502 4295 1866 4361 Niebuhriif
1891 4299 2330 4381 coniecturae,
2375 4301 2485 4386 qui
2523 4297 2645 4378 (H.
