3013 4888
1379 840 1483 907 Do

450 991 683 1077 niis
734 940 1451 1078 Romanorum
1531 984 1922 1098 patriis
2004 984 2332 1070 Libe.-
2394 986 2462 1069 1.

772 1350 981 1431 ⁴De
1067 1348 1354 1418 Diis
1436 1345 2007 1416 Laribus.

1109 1668 1721 1727 Prooemium.

349 1774 703 1881 Deorum
747 1813 991 1876 Larum
1029 1815 1097 1875 et
1130 1810 1475 1875 Penatium
1523 1815 1822 1875 naturam
1876 1816 1945 1880 et
1986 1811 2302 1898 originem
2343 1828 2504 1897 per-

349 1931 725 1993 scrutantes
769 1941 916 2005 cum
948 1924 1127 1986 viros
1156 1920 1387 1987 doctos
1421 1920 1509 1987 ad
1537 1940 1731 1986 unum
1761 1939 1988 1985 omnes
2018 1920 2102 1985 ad
2131 1939 2276 1985 eum
2308 1940 2502 1986 scru-

347 2029 564 2115 pulum
592 2010 955 2090 offendisse
983 2021 1681 2103 animadverteremuS,
1724 2020 2051 2108 quodiam
2079 2040 2120 2086 a
2161 2025 2497 2088 veteribus

342 2138 622 2215 utraque
662 2128 924 2192 'numina
961 2144 1091 2190 non
1118 2124 1308 2190 modo
1345 2126 1534 2190 iuxta
1570 2127 1809 2210 posita,
1851 2131 1923 2191 nt
1965 2126 2214 2192 similes
2260 2132 2326 2192 et
2373 2147 2495 2188 συ-

341 2228 629 2313 νώνυμοι
674 2229 1184 2315 appellationes,
1244 2244 1472 2291 verum
1514 2227 1713 2291 etiam
1775 2229 1870 2291 ita
1913 2231 2260 2295 coniuncta
2313 2246 2493 2293 com-

343 2339 831 2419 memorantur&
866 2336 937 2395 ut
981 2329 1195 2395 nullus
1237 2332 1492 2394 omnino
1540 2328 1938 2395 discriminis
1985 2347 2144 2394 esse
2187 2328 2493 2394 videatur

341 2438 557 2505 locus:
618 2435 704 2503 de
742 2438 1006 2525 integro
1052 2453 1260 2525 agere
1307 2441 1393 2501 et·
1417 2435 1647 2501 relicto
1691 2436 1948 2522 publico
1989 2438 2120 2501 isto
2163 2437 2493 2501 variarum

246 2603 253 2616 ,
343 2540 872 2625 disquisitionum
917 2541 1107 2623 quasi
1150 2538 1301 2604 lacu
1343 2537 1431 2603 ad
1474 2541 2021 2604 incontaminatos
2083 2535 2494 2623 antiquitatis

338 2643 559 2707 fontes
598 2639 817 2704 redire
861 2635 1035 2722 apud
1082 2640 1364 2721 animum
1419 2640 1891 2702 constituimus,
1980 2637 2168 2718 Quod
2225 2656 2353 2701 non
2409 2655 2506 2714 ea

338 2745 674 2809 sententia
716 2760 839 2806 nos
886 2739 1147 2804 dixisse
1181 2745 1399 2824 patet,
1445 2741 1654 2825 quasi*
1677 2741 1963 2825 priorum
2005 2740 2145 2805 VV.
2189 2739 2338 2805 DD.
2381 2739 2490 2804 la-

337 2847 535 2910 bores
592 2848 708 2908 aut
764 2829 1257 2931 neglexerimus
1269 2888 1291 2924 ,
1349 2840 1523 2928 quod
1581 2846 1768 2906 esset
1809 2842 2032 2929 pigri,
2092 2847 2206 2907 aut
2265 2858 2530 2908 corum*

274 3025 291 3032 ἱ
338 2949 766 3013 auctoritates
812 2947 1423 3031 contempserimuS‚
1465 2944 1635 3031 quod
1666 2947 2041 3034 arrogantis
2074 2957 2294 3028 esset3
2335 2963 2486 3009 nam

336 3051 447 3116 ubi
474 3089 479 3094 -
503 3068 647 3116 cum
690 3047 1070 3115 Niebuhriis
1130 3049 1239 3115 vel
1279 3049 1578 3115 Miilleris
1635 3056 1971 3115 certamen
2028 3056 2174 3113 erat
2233 3049 2485 3113 obeun-

336 3151 520 3235 dum,
564 3170 890 3236 nunquam
929 3153 1075 3216 sine
1119 3149 1449 3217 commodo
1488 3152 1590 3216 rei
1629 3151 1991 3217 litterariae
2029 3149 2098 3216 id
2138 3151 2280 3216 fieri
2323 3170 2482 3237 per-

335 3258 693 3340 speximus.
775 3256 866 3320 Hi
908 3257 1079 3320 enim
1136 3257 1436 3339 quoniam
1479 3256 1542 3319 si
1602 3271 1872 3319 errasse
1928 3253 2308 3332 videantur,
2363 3272 2476 3317 res
2539 3303 2556 3314 s

333 3358 520 3441 ipsas
562 3359 629 3421 in
675 3356 911 3439 quibus
956 3362 1256 3418 errarent
1298 3355 1756 3418 tenebricosas
1802 3358 1871 3416 et
1912 3352 2197 3416 maxime
2242 3349 2480 3417 dubias

330 3459 545 3523 fuisse
579 3472 794 3542 paene
836 3471 1122 3519 necesse
1150 3459 1285 3518 est:
1329 3451 1732 3519 intendenda
1766 3458 1911 3518 erat
1935 3457 2135 3539 atque
2178 3454 2479 3521 acuenda

332 3560 572 3621 mentis
615 3557 823 3638 acies,
868 3562 940 3621 ut
968 3574 1217 3639 verum,
1258 3562 1394 3622 tam
1426 3557 1735 3622 nobilium
1774 3555 2304 3623 adversariorum
2348 3547 2506 3646 pu-³

252 3665 259 3676 “
331 3660 487 3746 gnis
533 3655 998 3742 quodammodo
1043 3666 1356 3747 ereptum,
1402 3661 1637 3727 fortius
1679 3662 1810 3732 iam,
1854 3666 1921 3726 et
1961 3663 2163 3727 tutius
2204 3669 2474 3728 tenere-

332 3769 476 3844 tur,
521 3778 714 3845 quam
756 3763 818 3824 si
862 3764 1009 3826 sine
1053 3763 1297 3831 sudore
1344 3770 1414 3830 et
1456 3766 1786 3853 sanguine
1826 3770 2016 3829 esset
2057 3766 2473 3849 impetratum

330 3865 612 3947 Contra,
657 3884 850 3949 quum
889 3865 1050 3931 talia
1091 3865 1415 3934 hominum
1459 3873 1850 3956 argumenta
1891 3868 2276 3953 obstrepere
2319 3870 2474 3935 visa

329 3979 504 4054 sunt,
548 3972 762 4056 qualis
804 3988 1012 4057 nuper
1054 3988 1306 4037 omnem
1331 3973 1774 4039 Romanarum
1794 3970 2180 4060 religionum
2219 3972 2471 4038 doctri-

327 4093 479 4140 nam
522 4074 776 4141 duobus
831 4074 1260 4140 voluminibus
1314 4075 1584 4156 (Volusi
1627 4073 2036 4162 jquibusdam
2084 4077 2467 4159 annalibus)

328 4175 882 4262 comprehendere
923 4195 1129 4258 ausus
1186 4173 1324 4244 est:
1383 4179 1453 4243 in
1495 4177 1913 4246 excutiendis
1956 4180 2057 4260 liis
2117 4185 2470 4266 erroribuS,

333 4281 445 4362 qui
487 4279 908 4387 scribentium
948 4287 1065 4349 aut
1106 4282 1357 4349 incuria
1393 4279 1715 4348 damnosa
1774 4289 1888 4350 aut
1924 4282 2168 4352 stolida
2210 4288 2474 4356 novand

2019 4389 2059 4453 1
