3013 4888
1534 311 1559 349 ··
1907 282 2092 393 ’ἢ
2305 286 2763 421 »ιιᾶᾏ

424 438 617 542 tasse
650 464 914 539 'domum
938 491 1118 539 *esse
1151 464 1469 559 vpotuisse
1495 475 1827 559 propriam
1855 464 2274 540 Valeriorum·
2296 477 2571 564 regiam,

423 581 766 664 ipsiusque
808 576 895 641 P.
929 566 1521 661 priorem'domum,
1570 581 1761 659 quam
1815 580 2063 640 mutata
2098 577 2355 660 imperii
2398 577 2566 642 sede

427 687 493 744 et
538 682 603 743 in
648 679 1021 743 inferiorem
1088 678 1296 742 locum
1351 674 1524 758 lata,
1557 677 1987 764 ¹popularibus
2042 678 2283 743 studiis
2345 679 2427 743 ab
2471 698 2567 753 eo
2621 731 2635 771 3
2736 758 2740 767 .

426 781 759 846 desertam
805 787 1006 864 atque
1050 780 1218 845 adeo
1256 781 1655 845 destructam
1692 799 1851 844 esse
1879 780 2566 848 historiarumaucto-

343 929 347 933 -
429 903 580 959 reS,
640 885 949 967 antiquas
1014 883 1273 949 fabulas
1316 903 1432 969 pro
1491 889 1685 968 captu
1738 904 1859 965 sno
1914 885 2326 968 interpretati
2383 885 2569 949 fere-

438 988 617 1054 bant.
662 1063 665 1068 .
701 988 869 1051 Nam
915 986 1236 1052 Veliam
1281 1007 1661 1051 summam
1707 987 1990 1055 Palatini
2018 978 2268 1052 'montis
2312 994 2569 1074 partem

426 1091 545 1173 (cs.
595 1089 798 1154 Varro
849 1091 920 1155 L.
967 1076 1041 1155 L.
1084 1092 1164 1173 V,
1191 1091 1335 1169 54.)
1382 1090 1818 1173 firmissimam
1857 1091 2033 1157 circa
2072 1082 2284 1155 forum
2326 1082 2554 1178 regio-
2623 1138 2632 1143 ,
2737 1062 2740 1065 Ι

432 1210 578 1269 nem
620 1192 873 1285 fuisse,
920 1210 1006 1256 ex
1050 1195 1168 1276 iis,
1220 1212 1388 1278 quos
1447 1194 1516 1257 in
1559 1193 1631 1256 P.
1686 1191 1947 1256 Valerio
1993 1180 2345 1274 attulimus,
2399 1194 2565 1259 locis

434 1303 729 1383 apparet.
820 1293 1109 1380 Ideoque
1164 1298 1275 1362 vel
1317 1297 1556 1381 aliquis
1602 1293 1773 1359 hanc
1818 1294 2073 1359 domum
2117 1295 2305 1359 simul
2345 1297 2597 1383 Pena-p

326 1428 331 1435 ·
425 1399 589 1487 tium
628 1395 971 1480 templum,
1033 1395 1116 1459 de
1164 1414 1301 1481 <quo
1348 1395 1652 1489 diximus,
1714 1395 1928 1459 fuisse
1974 1393 2387 1461 divinaverit.
2475 1399 2603 1465 At'

432 1500 540 1565 hic
578 1499 844 1584 ‘quidem
887 1497 1423 1564 hariolationibus
1480 1499 1629 1562 finis
1673 1498 2138 1582 irnponendnS‚
2198 1517 2282 1564 ne
2309 1502 2571 1566 nostris

434 1605 712 1679 somniis
759 1593 1038 1682 seducti,
1083 1601 1233 1666 dum
1270 1604 1679 1687 antiquarum
1723 1602 2087 1667 fabularum
2114 1604 2375 1667 umbras
2419 1602 2573 1670 huic
2649 1606 2652 1613 ’

429 1705 560 1768 luci
604 1710 672 1768 et
708 1705 888 1769 vitae
930 1700 1216 1767 reddere
1257 1721 1565 1767 conamur
1579 1694 1613 1782 ,’
1659 1722 1773 1786 pro
1819 1702 2003 1784 Dea,
2059 1709 2130 1768 ut
2164 1702 2309 1785 ille,
2353 1705 2575 1770 nubila

431 1803 1116 1890 captarevideamur.
1215 1802 1472 1868 Romuli
1503 1802 1821 1887 profecto
1879 1801 2108 1866 domus
2123 1849 2144 1884 ,
2206 1804 2574 1868 casa'Ro-

429 1909 581 1989 muli
628 1925 797 1992 quae
843 1905 1219 1984 dicebatur,
1275 1902 1397 1970 rel*
1439 1908 1765 1990 supremis
1811 1906 2214 1990 reipublicae
2254 1908 2573 1990 tempori-

430 2013 552 2077 bus
607 2011 918 2097 religiose
969 2015 1362 2074 conservata
1408 2015 1475 2072 et
1519 2007 1695 2072 culta
1737 2008 1856 2088 [cf.
1927 2010 2097 2072 enim
2142 2005 2339 2075 Ovid.
2385 2011 2571 2073 Fast.

342 2138 347 2160 2
430 2113 496 2195 1,
543 2114 685 2178 199.
740 2111 871 2193 ΙΙΙ,
922 2111 1062 2177 182.
1119 2110 1312 2195 Prop.
1346 2109 1463 2174 -IV
1479 2156 1501 2191 ,
1562 2115 1633 2190 1,
1689 2110 1750 2173 9.
1807 2108 2045 2174 Seuer..
2105 2110 2419 2174 consolat.
2486 2104 2576 2174 ad

375 2270 383 2279 .
432 2215 624 2280 Helv.
663 2215 744 2293 9)
787 2215 1001 2278 fuisse
1025 2232 1154 2278 non
1191 2196 1428 2296 potest.
1520 2212 1710 2276 Haec
1735 2213 1912 2300 ⁴enim
1949 2214 2016 2276 in
2043 2214 2346 2298 opposita
2384 2231 2577 2277 mon·
2650 2211 2655 2216 “

412 2320 518 2390 κῑίε
549 2324 739 2402 parte
768 2315 1025 2381 Circum
1057 2321 1123 2380 et
1143 2315 1492 2393 Velabrum
1523 2332 1759 2379 versus
1794 2314 2099 2401 Dionysii
2130 2321 2352 2380 aetate
2382 2301 2575 2379 mon'-

422 2416 915 2500 rstrabatursA.
949 2419 1028 2483 R.
1057 2416 1110 2499 1,
1152 2418 1321 2500 79.)‚
1364 2435 1406 2481 a
1434 2436 1560 2502 quo
1606 2416 1936 2510 diversam
1979 2418 2252 2484 alteram
2280 2416 2569 2483 Arellius

431 2526 688 2588 Fuscus
719 2530 1036 2589 memorat
1080 2525 1148 2586 in
1178 2517 1499 2606 Capitolio
1533 2521 1744 2584 fuisse
1776 2540 1877 2606 ap.
1906 2522 1995 2587 M.
2023 2520 2345 2587 Senecam
2377 2521 2573 2587 Rhet.

433 2623 740 2689 Controv.
774 2622 862 2698 ll,
909 2642 966 2686 c.
992 2625 1051 2687 9.
1096 2639 1302 2710 aegre
1340 2622 1831 2686 concinentibus
1863 2621 2272 2709 vulgatarum
2307 2623 2574 2687 fabula-

434 2747 576 2792 rum
617 2727 1044 2815 argumentiS,
1090 2743 1261 2809 quae
1305 2724 1384 2789 id*
1413 2725 1639 2811 agunt,
1685 2730 1756 2788 ut
1793 2723 2115 2789 Palatium
2144 2726 2403 2791 Romuli
2431 2728 2576 2811 pri-

433 2848 602 2906 mum
639 2828 850 2893 fuisse
886 2825 1272 2890 domicilium
1307 2825 1772 2906 demonstrent.
1847 2826 2191 2892 Accedere
2220 2835 2442 2918 tamen]
2466 2830 2578 2893 vi-
2672 2829 2677 2833 ’

432 2932 645 3014 detur,
685 2934 746 2997 si
791 2949 921 3017 qua
948 2937 1076 3013 est,
1117 2929 1368 2996 Valerii
1390 2931 1665 2998 Maximi
1691 2933 2049 2996 auctoritas
2079 2930 2197 3015 lv,
2226 2932 2291 3014 4,
2320 2930 2381 2996 5.
2411 2932 2518 2997 fin.
2611 2919 2626 2924 ”

1305 3143 1530 3235 cap.
1567 3156 1708 3222 21.
2113 3229 2116 3234 Δ
2509 3231 2512 3234 ,

522 3275 646 3345 Dc
707 3279 1731 3368 imaqinibusmraiorum,
1788 3285 1870 3346 et
1926 3243 2024 3349 de
2076 3284 2348 3369 siquis
2405 3286 2496 3362 in

1089 3380 1528 3448 vestibulo
1580 3383 1920 3467 positia.
2133 3403 2162 3425 N

643 3530 834 3596 Haec
879 3531 1135 3616 quidem
1178 3534 1472 3615 fuerunt,
1520 3550 1691 3617 quae
1736 3534 1819 3601 de
1861 3537 2213 3622 patriorum
2256 3543 2580 3610 numinum

440 3636 758 3723 religione
799 3642 866 3701 et
909 3639 1083 3704 cultu
1126 3651 1257 3703 tam
1303 3639 1597 3724 publico,
1647 3660 1839 3725 quam
1882 3644 2139 3726 privato
2183 3643 2577 3713 haberemus

443 3737 684 3803 dicere.
773 3737 1057 3819 Quorum
1099 3743 1182 3806 ab
1229 3747 1506 3827 utroque
1548 3760 1803 3830 genere
1846 3743 2154 3810 diversas
2201 3747 2415 3813 fuisse
2457 3768 2581 3815 ce·-

370 3828 379 3844 “
441 3861 595 3907 reas
640 3861 905 3907 avorum
929 3844 1276 3931 -ima'gines
1298 3885 1322 3923 ,
1367 3864 1635 3911 monere
1677 3851 1790 3911 vix
1839 3864 2082 3931 operae
2125 3852 2402 3934 pretium
2434 3851 2580 3930 erit.

445 3947 667 4038 Lares
709 3947 902 4025 enim,
951 3964 1035 4011 ne
1079 3946 1163 4011 de
1207 3949 1481 4034 reliquis
1525 3949 1890 4016 Penatibus
1940 3948 2195 4034 dicam,
2236 3957 2576 4041 geniorum
2609 3959 2635 4025 ’.

446 4047 738 4113 divorum
780 4051 1016 4138 signa,
1072 4049 1200 4116 hae
1242 4050 1326 4116 ad
1372 4051 1857 4117 similitudinem
1898 4055 2202 4120 veritatis
2265 4064 2609 4146 expressi⁴

444 4148 683 4212 vultus
769 4148 1026 4217 Illorum
1069 4173 1232 4217 usus
1258 4157 1633 4235 communiS‚
1682 4153 1909 4225 harum
1951 4157 2056 4220 ius
2100 4157 2418 4244 nobilitati
2459 4180 2574 4227 re-
2612 4188 2616 4194 ’

374 4275 380 4292 ·
447 4256 797 4322 servatum.
874 4254 1113 4323 Laetis
1157 4263 1375 4325 tamen
1420 4264 1488 4325 et
1531 4258 1727 4344 festis
1771 4257 2027 4343 diebus,
2071 4247 2183 4326 ubi
2209 4248 2424 4330 Lares
2458 4285 2575 4332 co-
