<?xml version="1.0" encoding="UTF-8"?>
<!DOCTYPE html PUBLIC "-//W3C//DTD XHTML 1.0 Transitional//EN"
    "http://www.w3.org/TR/xhtml1/DTD/xhtml1-transitional.dtd">
<html xmlns="http://www.w3.org/1999/xhtml" xml:lang="en" lang="en">
 <head>
  <title>
</title>
<meta http-equiv="Content-Type" content="text/html;charset=utf-8" />
  <meta name='ocr-system' content='tesseract 3.04.00' />
  <meta name='ocr-capabilities' content='ocr_page ocr_carea ocr_par ocr_line ocrx_word'/>
</head>
<body>
  <div class='ocr_page' id='page_1' title='image "./delarumatquepen00hertgoog_0048.png"; bbox 0 0 3013 4888; ppageno 0'>
   <div class='ocr_carea' id='block_1_1' title="bbox 780 334 863 367">
    <p class='ocr_par' dir='ltr' id='par_1_1' title="bbox 780 334 863 367">
     <span class='ocr_line' id='line_1_1' title="bbox 780 334 863 367; baseline 0 0"><span class='ocrx_word' id='word_1_1' title='bbox 780 340 787 345; x_wconf 83' lang='grc'><strong>”</strong></span> <span class='ocrx_word' id='word_1_2' title='bbox 847 334 863 367; x_wconf 61' lang='lat' dir='ltr'><strong>l</strong></span> 
     </span>
    </p>
   </div>
   <div class='ocr_carea' id='block_1_2' title="bbox 466 464 2688 602">
    <p class='ocr_par' dir='ltr' id='par_1_2' title="bbox 466 464 2688 602">
     <span class='ocr_line' id='line_1_2' title="bbox 466 464 2688 602; baseline 0.023 -59"><span class='ocrx_word' id='word_1_3' title='bbox 466 540 469 543; x_wconf 84' lang='lat'><strong>.</strong></span> <span class='ocrx_word' id='word_1_4' title='bbox 506 519 722 587; x_wconf 47' lang='lat' dir='ltr'><strong>urbe·</strong></span> <span class='ocrx_word' id='word_1_5' title='bbox 763 464 771 478; x_wconf 54' lang='lat'>⁸</span> <span class='ocrx_word' id='word_1_6' title='bbox 810 504 981 582; x_wconf 64' lang='lat' dir='ltr'><strong>&#39;Nm</strong></span> <span class='ocrx_word' id='word_1_7' title='bbox 1011 509 1135 580; x_wconf 74' lang='lat' dir='ltr'><strong>hoc</strong></span> <span class='ocrx_word' id='word_1_8' title='bbox 1160 511 1447 599; x_wconf 79' lang='lat' dir='ltr'><strong>quidem,</strong></span> <span class='ocrx_word' id='word_1_9' title='bbox 1490 509 1688 599; x_wconf 84' lang='lat' dir='ltr'><strong>quod</strong></span> <span class='ocrx_word' id='word_1_10' title='bbox 1689 464 2000 602; x_wconf 78' lang='lat' dir='ltr'><strong>vigilant,</strong></span> <span class='ocrx_word' id='word_1_11' title='bbox 2035 514 2339 602; x_wconf 82' lang='lat' dir='ltr'><strong>utrisque</strong></span> <span class='ocrx_word' id='word_1_12' title='bbox 2357 516 2645 591; x_wconf 64' lang='lat' dir='ltr'><strong>Luribns</strong></span> <span class='ocrx_word' id='word_1_13' title='bbox 2679 524 2688 527; x_wconf 62' lang='lat'>‘</span> 
     </span>
    </p>
   </div>
   <div class='ocr_carea' id='block_1_3' title="bbox 386 614 2644 711">
    <p class='ocr_par' dir='ltr' id='par_1_3' title="bbox 386 614 2644 711">
     <span class='ocr_line' id='line_1_3' title="bbox 386 614 2644 711; baseline 0 -24"><span class='ocrx_word' id='word_1_14' title='bbox 386 638 389 641; x_wconf 85' lang='lat'>·</span> <span class='ocrx_word' id='word_1_15' title='bbox 461 680 465 683; x_wconf 93' lang='lat'><strong>.</strong></span> <span class='ocrx_word' id='word_1_16' title='bbox 498 639 875 711; x_wconf 82' lang='lat' dir='ltr'><strong>commune,</strong></span> <span class='ocrx_word' id='word_1_17' title='bbox 931 635 1013 683; x_wconf 92' lang='lat' dir='ltr'><strong>eo</strong></span> <span class='ocrx_word' id='word_1_18' title='bbox 1057 615 1399 699; x_wconf 75' lang='lat' dir='ltr'><strong>differunt,</strong></span> <span class='ocrx_word' id='word_1_19' title='bbox 1454 614 1631 701; x_wconf 84' lang='lat' dir='ltr'><strong>quod</strong></span> <span class='ocrx_word' id='word_1_20' title='bbox 1672 619 2038 702; x_wconf 82' lang='lat' dir='ltr'><strong>praestites</strong></span> <span class='ocrx_word' id='word_1_21' title='bbox 2081 635 2335 707; x_wconf 83' lang='lat' dir='ltr'><strong>omnem</strong></span> <span class='ocrx_word' id='word_1_22' title='bbox 2374 620 2644 706; x_wconf 74' lang='lat' dir='ltr'><strong>Urbem,</strong></span> 
     </span>
    </p>
   </div>
   <div class='ocr_carea' id='block_1_4' title="bbox 378 716 2645 1218">
    <p class='ocr_par' dir='ltr' id='par_1_4' title="bbox 378 716 2645 1218">
     <span class='ocr_line' id='line_1_4' title="bbox 448 716 2645 846; baseline 0.002 -60"><span class='ocrx_word' id='word_1_23' title='bbox 448 730 461 736; x_wconf 80' lang='grc'><em>“</em></span> <span class='ocrx_word' id='word_1_24' title='bbox 503 723 745 819; x_wconf 79' lang='lat' dir='ltr'><strong>privati</strong></span> <span class='ocrx_word' id='word_1_25' title='bbox 785 718 1089 806; x_wconf 82' lang='lat' dir='ltr'><strong>singulas</strong></span> <span class='ocrx_word' id='word_1_26' title='bbox 1132 716 1365 784; x_wconf 81' lang='lat' dir='ltr'><strong>&#39;domus</strong></span> <span class='ocrx_word' id='word_1_27' title='bbox 1407 725 1691 785; x_wconf 85' lang='lat' dir='ltr'><strong>tuentur.</strong></span> <span class='ocrx_word' id='word_1_28' title='bbox 1780 717 1969 807; x_wconf 75' lang='lat' dir='ltr'><strong>Qupd</strong></span> <span class='ocrx_word' id='word_1_29' title='bbox 2012 721 2074 787; x_wconf 89' lang='lat' dir='ltr'><strong>si</strong></span> <span class='ocrx_word' id='word_1_30' title='bbox 2104 717 2382 788; x_wconf 81' lang='lat' dir='ltr'><strong>Ovidius</strong></span> <span class='ocrx_word' id='word_1_31' title='bbox 2422 725 2645 846; x_wconf 75' lang='lat' dir='ltr'><strong>priore</strong></span> 
     </span>
     <span class='ocr_line' id='line_1_5' title="bbox 491 815 2642 908; baseline 0.002 -19"><span class='ocrx_word' id='word_1_32' title='bbox 491 826 646 890; x_wconf 78' lang='lat' dir='ltr'><strong>loco</strong></span> <span class='ocrx_word' id='word_1_33' title='bbox 691 815 933 889; x_wconf 83' lang='lat' dir='ltr'><strong>oblitus</strong></span> <span class='ocrx_word' id='word_1_34' title='bbox 979 837 1145 886; x_wconf 89' lang='lat' dir='ltr'><strong>esse</strong></span> <span class='ocrx_word' id='word_1_35' title='bbox 1179 818 1520 902; x_wconf 80' lang='lat' dir='ltr'><strong>videatur,</strong></span> <span class='ocrx_word' id='word_1_36' title='bbox 1575 822 1773 885; x_wconf 88' lang='lat' dir='ltr'><strong>nimio</strong></span> <span class='ocrx_word' id='word_1_37' title='bbox 1818 820 2072 903; x_wconf 87' lang='lat' dir='ltr'><strong>studio,</strong></span> <span class='ocrx_word' id='word_1_38' title='bbox 2127 816 2256 908; x_wconf 82' lang='lat' dir='ltr'><strong>quo</strong></span> <span class='ocrx_word' id='word_1_39' title='bbox 2300 825 2642 891; x_wconf 65' lang='lat' dir='ltr'><strong>eanissn·</strong></span> <span class='ocrx_word' id='word_1_40' title='bbox 2536 845 2642 895; x_wconf 91' lang='lat'><strong>.</strong></span> 
     </span>
     <span class='ocr_line' id='line_1_6' title="bbox 378 906 2640 1046; baseline 0.001 -56"><span class='ocrx_word' id='word_1_41' title='bbox 378 942 383 946; x_wconf 83' lang='lat'><strong>·</strong></span> <span class='ocrx_word' id='word_1_42' title='bbox 500 945 704 1046; x_wconf 78' lang='lat' dir='ltr'><strong>gnum</strong></span> <span class='ocrx_word' id='word_1_43' title='bbox 728 924 1016 990; x_wconf 78' lang='lat' dir='ltr'><strong>Laribus</strong></span> <span class='ocrx_word' id='word_1_44' title='bbox 1054 922 1185 988; x_wconf 90' lang='lat' dir='ltr'><strong>illis</strong></span> <span class='ocrx_word' id='word_1_45' title='bbox 1209 940 1487 1013; x_wconf 80' lang='lat' dir='ltr'>semper</span> <span class='ocrx_word' id='word_1_46' title='bbox 1509 922 1812 987; x_wconf 86' lang='lat' dir='ltr'><strong>additum</strong></span> <span class='ocrx_word' id='word_1_47' title='bbox 1853 906 2275 1009; x_wconf 84' lang='lat' dir='ltr'><strong>inter&#39;pretari</strong></span> <span class='ocrx_word' id='word_1_48' title='bbox 2317 922 2640 1011; x_wconf 76' lang='lat' dir='ltr'><strong>studeret,</strong></span> 
     </span>
     <span class='ocr_line' id='line_1_7' title="bbox 414 1024 2641 1110; baseline 0.003 -18"><span class='ocrx_word' id='word_1_49' title='bbox 414 1084 421 1092; x_wconf 93' lang='grc'><em>,</em></span> <span class='ocrx_word' id='word_1_50' title='bbox 501 1028 714 1109; x_wconf 85' lang='lat' dir='ltr'><strong>minus</strong></span> <span class='ocrx_word' id='word_1_51' title='bbox 757 1031 1071 1090; x_wconf 86' lang='lat' dir='ltr'><strong>accurate</strong></span> <span class='ocrx_word' id='word_1_52' title='bbox 1113 1030 1392 1110; x_wconf 85' lang='lat' dir='ltr'><strong>utraque</strong></span> <span class='ocrx_word' id='word_1_53' title='bbox 1435 1026 1701 1090; x_wconf 85' lang='lat' dir='ltr'><strong>numina</strong></span> <span class='ocrx_word' id='word_1_54' title='bbox 1744 1024 2177 1108; x_wconf 78' lang='lat' dir='ltr'><strong>distinxisse,</strong></span> <span class='ocrx_word' id='word_1_55' title='bbox 2236 1028 2324 1092; x_wconf 91' lang='lat' dir='ltr'><strong>et</strong></span> <span class='ocrx_word' id='word_1_56' title='bbox 2345 1029 2641 1099; x_wconf 80' lang='lat' dir='ltr'><strong>fortasse</strong></span> 
     </span>
     <span class='ocr_line' id='line_1_8' title="bbox 498 1128 2637 1218; baseline 0.002 -24"><span class='ocrx_word' id='word_1_57' title='bbox 498 1136 873 1218; x_wconf 15' lang='lat' dir='ltr'><strong>praeterea.</strong></span> <span class='ocrx_word' id='word_1_58' title='bbox 905 1128 1246 1212; x_wconf 89' lang='lat' dir='ltr'><strong>utriusque</strong></span> <span class='ocrx_word' id='word_1_59' title='bbox 1299 1129 1573 1215; x_wconf 84' lang='lat' dir='ltr'><strong>generis</strong></span> <span class='ocrx_word' id='word_1_60' title='bbox 1629 1133 1906 1193; x_wconf 86' lang='lat' dir='ltr'><strong>naturas</strong></span> <span class='ocrx_word' id='word_1_61' title='bbox 1968 1129 2231 1212; x_wconf 81' lang='lat' dir='ltr'><strong>proprie</strong></span> <span class='ocrx_word' id='word_1_62' title='bbox 2272 1129 2637 1199; x_wconf 78' lang='lat' dir='ltr'><strong>simillimas</strong></span> 
     </span>
    </p>
   </div>
   <div class='ocr_carea' id='block_1_5' title="bbox 354 1218 2634 1320">
    <p class='ocr_par' dir='ltr' id='par_1_5' title="bbox 354 1218 2634 1320">
     <span class='ocr_line' id='line_1_9' title="bbox 354 1218 2634 1320; baseline 0.004 -30"><span class='ocrx_word' id='word_1_63' title='bbox 354 1244 367 1251; x_wconf 88' lang='grc'><em>·</em></span> <span class='ocrx_word' id='word_1_64' title='bbox 488 1230 879 1320; x_wconf 64' lang='grc' dir='ltr'>,εἰςιιίιὶοιιιε</span> <span class='ocrx_word' id='word_1_65' title='bbox 910 1247 1058 1294; x_wconf 91' lang='lat' dir='ltr'><strong>eum</strong></span> <span class='ocrx_word' id='word_1_66' title='bbox 1091 1218 1386 1294; x_wconf 80' lang='lat' dir='ltr'><strong>voluisse</strong></span> <span class='ocrx_word' id='word_1_67' title='bbox 1428 1227 1788 1314; x_wconf 86' lang='lat' dir='ltr'><strong>putandum</strong></span> <span class='ocrx_word' id='word_1_68' title='bbox 1829 1235 1955 1294; x_wconf 84' lang='lat' dir='ltr'><strong>est.</strong></span> <span class='ocrx_word' id='word_1_69' title='bbox 2039 1230 2214 1295; x_wconf 87' lang='lat' dir='ltr'><strong>Nam</strong></span> <span class='ocrx_word' id='word_1_70' title='bbox 2241 1230 2634 1301; x_wconf 73' lang='lat' dir='ltr'><strong>Plutarchus</strong></span> 
     </span>
    </p>
   </div>
   <div class='ocr_carea' id='block_1_6' title="bbox 440 1323 2702 1518">
    <p class='ocr_par' dir='ltr' id='par_1_6' title="bbox 440 1323 2702 1518">
     <span class='ocr_line' id='line_1_10' title="bbox 498 1323 2671 1418; baseline -0.014 -18"><span class='ocrx_word' id='word_1_71' title='bbox 498 1349 755 1418; x_wconf 90' lang='lat' dir='ltr'><strong>quoque</strong></span> <span class='ocrx_word' id='word_1_72' title='bbox 784 1330 1059 1413; x_wconf 83' lang='lat' dir='ltr'><strong>Quaest.</strong></span> <span class='ocrx_word' id='word_1_73' title='bbox 1072 1331 1256 1395; x_wconf 86' lang='lat' dir='ltr'><strong>Rom.</strong></span> <span class='ocrx_word' id='word_1_74' title='bbox 1284 1327 1456 1407; x_wconf 89' lang='lat' dir='ltr'><strong>LI.,</strong></span> <span class='ocrx_word' id='word_1_75' title='bbox 1459 1326 1620 1408; x_wconf 83' lang='grc' dir='ltr'>,Διὰ</span> <span class='ocrx_word' id='word_1_76' title='bbox 1650 1325 1719 1392; x_wconf 80' lang='grc' dir='ltr'><strong>τί</strong></span> <span class='ocrx_word' id='word_1_77' title='bbox 1741 1330 1871 1392; x_wconf 75' lang='grc' dir='ltr'><strong>τῶν</strong></span> <span class='ocrx_word' id='word_1_78' title='bbox 1898 1324 2262 1417; x_wconf 59' lang='grc' dir='ltr'><strong>Λαρήτων,</strong></span> <span class='ocrx_word' id='word_1_79' title='bbox 2303 1323 2422 1408; x_wconf 69' lang='grc' dir='ltr'><strong>οὓς</strong></span> <span class='ocrx_word' id='word_1_80' title='bbox 2448 1329 2671 1410; x_wconf 59' lang='grc' dir='ltr'><strong><em>ἰδίως.</em></strong></span> 
     </span>
     <span class='ocr_line' id='line_1_11' title="bbox 440 1422 2702 1518; baseline -0.003 -21"><span class='ocrx_word' id='word_1_81' title='bbox 440 1428 445 1429; x_wconf 13' lang='lat'><em>7</em></span> <span class='ocrx_word' id='word_1_82' title='bbox 485 1450 897 1518; x_wconf 78' lang='grc' dir='ltr'>-πραιστιτας</span> <span class='ocrx_word' id='word_1_83' title='bbox 947 1427 1281 1507; x_wconf 81' lang='grc' dir='ltr'>καλοῦσι,</span> <span class='ocrx_word' id='word_1_84' title='bbox 1310 1450 1576 1503; x_wconf 81' lang='grc' dir='ltr'>τουτοις</span> <span class='ocrx_word' id='word_1_85' title='bbox 1617 1422 1789 1490; x_wconf 82' lang='grc' dir='ltr'><strong><em>κύων</em></strong></span> <span class='ocrx_word' id='word_1_86' title='bbox 1827 1426 2267 1514; x_wconf 74' lang='grc' dir='ltr'><strong><em>προέστηκεν,</em></strong></span> <span class='ocrx_word' id='word_1_87' title='bbox 2326 1424 2515 1503; x_wconf 70' lang='grc' dir='ltr'><strong><em>αὐτοὶ</em></strong></span> <span class='ocrx_word' id='word_1_88' title='bbox 2557 1430 2633 1498; x_wconf 73' lang='grc' dir='ltr'><strong>δὲ</strong></span> <span class='ocrx_word' id='word_1_89' title='bbox 2701 1446 2702 1449; x_wconf 73' lang='grc'>’</span> 
     </span>
    </p>
   </div>
   <div class='ocr_carea' id='block_1_7' title="bbox 493 1522 2736 1719">
    <p class='ocr_par' dir='ltr' id='par_1_7' title="bbox 493 1522 2736 1719">
     <span class='ocr_line' id='line_1_12' title="bbox 497 1522 2631 1654; baseline -0.001 -57"><span class='ocrx_word' id='word_1_90' title='bbox 497 1533 704 1603; x_wconf 68' lang='grc' dir='ltr'><em>κυνῶν</em></span> <span class='ocrx_word' id='word_1_91' title='bbox 725 1528 1114 1654; x_wconf 74' lang='grc' dir='ltr'>διφθέραις</span> <span class='ocrx_word' id='word_1_92' title='bbox 1153 1522 1599 1611; x_wconf 79' lang='grc' dir='ltr'>ἀμπέχονται,</span> <span class='ocrx_word' id='word_1_93' title='bbox 1663 1551 1703 1612; x_wconf 87' lang='grc' dir='ltr'><em>η</em></span> <span class='ocrx_word' id='word_1_94' title='bbox 1749 1523 2144 1650; x_wconf 68' lang='grc' dir='ltr'>πραιιιτιτης</span> <span class='ocrx_word' id='word_1_95' title='bbox 2183 1527 2304 1610; x_wconf 76' lang='grc' dir='ltr'><strong>μὲν</strong></span> <span class='ocrx_word' id='word_1_96' title='bbox 2348 1523 2415 1595; x_wconf 74' lang='grc' dir='ltr'><strong>οἱ</strong></span> <span class='ocrx_word' id='word_1_97' title='bbox 2455 1549 2631 1618; x_wconf 73' lang='grc' dir='ltr'><strong>προ-</strong></span> 
     </span>
     <span class='ocr_line' id='line_1_13' title="bbox 493 1629 2736 1719; baseline 0.001 -21"><span class='ocrx_word' id='word_1_98' title='bbox 493 1632 776 1708; x_wconf 76' lang='grc' dir='ltr'><strong><em>εστῶτές</em></strong></span> <span class='ocrx_word' id='word_1_99' title='bbox 817 1651 964 1710; x_wconf 84' lang='grc' dir='ltr'>εισι,</span> <span class='ocrx_word' id='word_1_100' title='bbox 1003 1652 1159 1707; x_wconf 80' lang='grc' dir='ltr'><strong><em>τους</em></strong></span> <span class='ocrx_word' id='word_1_101' title='bbox 1186 1629 1285 1697; x_wconf 77' lang='grc' dir='ltr'><strong>δὲ</strong></span> <span class='ocrx_word' id='word_1_102' title='bbox 1287 1630 1717 1719; x_wconf 77' lang='grc' dir='ltr'><strong><em>προεστῶτας</em></strong></span> <span class='ocrx_word' id='word_1_103' title='bbox 1746 1652 1936 1696; x_wconf 83' lang='grc' dir='ltr'>οικου</span> <span class='ocrx_word' id='word_1_104' title='bbox 1978 1629 2422 1718; x_wconf 75' lang='grc' dir='ltr'>φυλακτικοὺς</span> <span class='ocrx_word' id='word_1_105' title='bbox 2460 1656 2631 1700; x_wconf 65' lang='lat' dir='ltr'><strong>etym</strong></span> <span class='ocrx_word' id='word_1_106' title='bbox 2735 1678 2736 1681; x_wconf 56' lang='lat'><em>=</em></span> 
     </span>
    </p>
   </div>
   <div class='ocr_carea' id='block_1_8' title="bbox 478 1728 2724 2737">
    <p class='ocr_par' dir='ltr' id='par_1_8' title="bbox 493 1728 2433 1821">
     <span class='ocr_line' id='line_1_14' title="bbox 493 1728 2433 1821; baseline 0.001 -23"><span class='ocrx_word' id='word_1_107' title='bbox 493 1728 825 1821; x_wconf 72' lang='grc' dir='ltr'>προσήκει</span> <span class='ocrx_word' id='word_1_108' title='bbox 849 1757 908 1796; x_wconf 85' lang='grc' dir='ltr'><strong>κ.</strong></span> <span class='ocrx_word' id='word_1_109' title='bbox 935 1754 992 1799; x_wconf 78' lang='grc' dir='ltr'><strong>τ.</strong></span> <span class='ocrx_word' id='word_1_110' title='bbox 1030 1730 1087 1797; x_wconf 77' lang='grc' dir='ltr'><strong>λ..</strong></span> <span class='ocrx_word' id='word_1_111' title='bbox 2426 1786 2433 1793; x_wconf 88' lang='grc'><strong>.</strong></span> 
     </span>
    </p>

    <p class='ocr_par' dir='ltr' id='par_1_9' title="bbox 478 1800 2724 2737">
     <span class='ocr_line' id='line_1_15' title="bbox 701 1800 2724 1928; baseline 0.003 -30"><span class='ocrx_word' id='word_1_112' title='bbox 701 1832 887 1916; x_wconf 81' lang='lat' dir='ltr'><strong>Quos</strong></span> <span class='ocrx_word' id='word_1_113' title='bbox 930 1835 1192 1900; x_wconf 75' lang='lat' dir='ltr'><strong>Romuli</strong></span> <span class='ocrx_word' id='word_1_114' title='bbox 1244 1840 1314 1899; x_wconf 90' lang='lat' dir='ltr'><strong>et</strong></span> <span class='ocrx_word' id='word_1_115' title='bbox 1354 1836 1550 1900; x_wconf 85' lang='lat' dir='ltr'><strong>Remi</strong></span> <span class='ocrx_word' id='word_1_116' title='bbox 1591 1835 1783 1901; x_wconf 84' lang='lat' dir='ltr'><strong>divos</strong></span> <span class='ocrx_word' id='word_1_117' title='bbox 1827 1837 2063 1922; x_wconf 89' lang='lat' dir='ltr'><strong>genios</strong></span> <span class='ocrx_word' id='word_1_118' title='bbox 2104 1838 2320 1903; x_wconf 82' lang='lat' dir='ltr'><strong>fuisse</strong></span> <span class='ocrx_word' id='word_1_119' title='bbox 2355 1800 2492 1928; x_wconf 63' lang='lat' dir='ltr'><strong>gui</strong></span> <span class='ocrx_word' id='word_1_120' title='bbox 2511 1808 2630 1907; x_wconf 63' lang='lat' dir='ltr'><strong>,a&#39;li-</strong></span> <span class='ocrx_word' id='word_1_121' title='bbox 2691 1840 2724 1865; x_wconf 78' lang='grc'><strong>”</strong></span> 
     </span>
     <span class='ocr_line' id='line_1_16' title="bbox 496 1934 2626 2057; baseline 0.003 -57"><span class='ocrx_word' id='word_1_122' title='bbox 496 1937 696 2017; x_wconf 84' lang='lat' dir='ltr'><strong>xerit,</strong></span> <span class='ocrx_word' id='word_1_123' title='bbox 734 1941 918 2000; x_wconf 85' lang='lat' dir='ltr'><strong>recte</strong></span> <span class='ocrx_word' id='word_1_124' title='bbox 963 1934 1156 2003; x_wconf 86' lang='lat' dir='ltr'><strong>dicet.</strong></span> <span class='ocrx_word' id='word_1_125' title='bbox 1239 1937 1411 2001; x_wconf 81' lang='lat' dir='ltr'><strong>Nam</strong></span> <span class='ocrx_word' id='word_1_126' title='bbox 1439 1955 1560 2021; x_wconf 89' lang='lat' dir='ltr'><strong>per</strong></span> <span class='ocrx_word' id='word_1_127' title='bbox 1600 1935 1725 2002; x_wconf 89' lang='lat' dir='ltr'><strong>hos</strong></span> <span class='ocrx_word' id='word_1_128' title='bbox 1765 1940 2067 2057; x_wconf 75' lang='lat' dir='ltr'><strong>geminos</strong></span> <span class='ocrx_word' id='word_1_129' title='bbox 2104 1939 2349 2006; x_wconf 84' lang='lat' dir='ltr'><strong>fratres</strong></span> <span class='ocrx_word' id='word_1_130' title='bbox 2391 1948 2626 2007; x_wconf 85' lang='lat' dir='ltr'><strong>aucto-</strong></span> 
     </span>
     <span class='ocr_line' id='line_1_17' title="bbox 478 2037 2670 2130; baseline 0.004 -27"><span class='ocrx_word' id='word_1_131' title='bbox 478 2056 612 2119; x_wconf 12' lang='lat' dir='ltr'><strong>*res</strong></span> <span class='ocrx_word' id='word_1_132' title='bbox 657 2039 936 2123; x_wconf 80' lang='lat' dir='ltr'><strong>Romani</strong></span> <span class='ocrx_word' id='word_1_133' title='bbox 975 2037 1212 2124; x_wconf 87' lang='lat' dir='ltr'><strong>Populi</strong></span> <span class='ocrx_word' id='word_1_134' title='bbox 1269 2037 1596 2123; x_wconf 81' lang='lat' dir='ltr'><strong>duplicem</strong></span> <span class='ocrx_word' id='word_1_135' title='bbox 1634 2041 1861 2126; x_wconf 86' lang='lat' dir='ltr'><strong>gentis</strong></span> <span class='ocrx_word' id='word_1_136' title='bbox 1912 2041 2229 2126; x_wconf 82' lang='lat' dir='ltr'><strong>originem</strong></span> <span class='ocrx_word' id='word_1_137' title='bbox 2267 2043 2670 2130; x_wconf 76' lang='lat' dir='ltr'><strong>significari=</strong></span> 
     </span>
     <span class='ocr_line' id='line_1_18' title="bbox 492 2118 2622 2228; baseline 0.004 -24.008"><span class='ocrx_word' id='word_1_138' title='bbox 492 2145 698 2226; x_wconf 87' lang='lat' dir='ltr'><strong>patet.</strong></span> <span class='ocrx_word' id='word_1_139' title='bbox 783 2118 875 2205; x_wconf 84' lang='lat' dir='ltr'><strong>Hi</strong></span> <span class='ocrx_word' id='word_1_140' title='bbox 915 2142 1101 2205; x_wconf 73' lang='lat' dir='ltr'><strong>atavi</strong></span> <span class='ocrx_word' id='word_1_141' title='bbox 1137 2141 1393 2228; x_wconf 76' lang='lat' dir='ltr'><strong>gentis3</strong></span> <span class='ocrx_word' id='word_1_142' title='bbox 1430 2139 1663 2206; x_wconf 80' lang='lat' dir='ltr'><strong>borum</strong></span> <span class='ocrx_word' id='word_1_143' title='bbox 1697 2147 1852 2225; x_wconf 90' lang='lat' dir='ltr'><strong>post</strong></span> <span class='ocrx_word' id='word_1_144' title='bbox 1891 2148 2163 2208; x_wconf 87' lang='lat' dir='ltr'><strong>mortem</strong></span> <span class='ocrx_word' id='word_1_145' title='bbox 2190 2141 2385 2212; x_wconf 79' lang='lat' dir='ltr'><strong>Genii</strong></span> <span class='ocrx_word' id='word_1_146' title='bbox 2403 2148 2622 2213; x_wconf 73' lang='lat' dir='ltr'><strong>Lares</strong></span> 
     </span>
     <span class='ocr_line' id='line_1_19' title="bbox 491 2239 2638 2341; baseline 0.002 -34"><span class='ocrx_word' id='word_1_147' title='bbox 491 2243 794 2329; x_wconf 83' lang='lat' dir='ltr'><strong>regiae</strong></span> <span class='ocrx_word' id='word_1_148' title='bbox 850 2239 1334 2341; x_wconf 83' lang='lat' dir='ltr'><strong>domestici,</strong></span> <span class='ocrx_word' id='word_1_149' title='bbox 1389 2240 1589 2308; x_wconf 88' lang='lat' dir='ltr'><strong>Urbis</strong></span> <span class='ocrx_word' id='word_1_150' title='bbox 1635 2243 1876 2327; x_wconf 86' lang='lat' dir='ltr'><strong>publici</strong></span> <span class='ocrx_word' id='word_1_151' title='bbox 1927 2243 2089 2309; x_wconf 86' lang='lat' dir='ltr'><strong>facti</strong></span> <span class='ocrx_word' id='word_1_152' title='bbox 2145 2253 2333 2330; x_wconf 88' lang='lat' dir='ltr'><strong>sunt;</strong></span> <span class='ocrx_word' id='word_1_153' title='bbox 2394 2244 2623 2330; x_wconf 86' lang='lat' dir='ltr'><strong>hi,ut</strong></span> <span class='ocrx_word' id='word_1_154' title='bbox 2550 2244 2638 2315; x_wconf 79' lang='lat' dir='ltr'><strong>ut‘</strong></span> 
     </span>
     <span class='ocr_line' id='line_1_20' title="bbox 480 2342 2623 2433; baseline 0.002 -26"><span class='ocrx_word' id='word_1_155' title='bbox 480 2345 796 2429; x_wconf 13' lang='lat' dir='ltr'><strong>*privatim</strong></span> <span class='ocrx_word' id='word_1_156' title='bbox 836 2361 1006 2425; x_wconf 85' lang='lat' dir='ltr'><strong>unus</strong></span> <span class='ocrx_word' id='word_1_157' title='bbox 1062 2342 1173 2407; x_wconf 88' lang='lat' dir='ltr'><strong>ille</strong></span> <span class='ocrx_word' id='word_1_158' title='bbox 1214 2342 1514 2410; x_wconf 84' lang='lat' dir='ltr'><strong>conditor</strong></span> <span class='ocrx_word' id='word_1_159' title='bbox 1551 2346 1775 2433; x_wconf 87' lang='lat' dir='ltr'><strong>gentis</strong></span> <span class='ocrx_word' id='word_1_160' title='bbox 1834 2349 1903 2411; x_wconf 91' lang='lat' dir='ltr'><strong>et</strong></span> <span class='ocrx_word' id='word_1_161' title='bbox 1939 2344 2232 2409; x_wconf 84' lang='lat' dir='ltr'><strong>fortasse</strong></span> <span class='ocrx_word' id='word_1_162' title='bbox 2272 2343 2623 2428; x_wconf 73' lang='grc' dir='ltr'>ἐπώνιμος</span> 
     </span>
     <span class='ocr_line' id='line_1_21' title="bbox 488 2443 2630 2553; baseline 0.001 -43"><span class='ocrx_word' id='word_1_163' title='bbox 488 2462 653 2553; x_wconf 85' lang='lat' dir='ltr'><strong>prae</strong></span> <span class='ocrx_word' id='word_1_164' title='bbox 687 2447 977 2510; x_wconf 88' lang='lat' dir='ltr'><strong>caeteris</strong></span> <span class='ocrx_word' id='word_1_165' title='bbox 1003 2443 1143 2511; x_wconf 86' lang='lat' dir='ltr'><strong>Lar</strong></span> <span class='ocrx_word' id='word_1_166' title='bbox 1181 2443 1521 2513; x_wconf 76' lang='lat' dir='ltr'><strong>familiaris</strong></span> <span class='ocrx_word' id='word_1_167' title='bbox 1566 2447 1807 2527; x_wconf 88' lang='lat' dir='ltr'><strong>dictus,</strong></span> <span class='ocrx_word' id='word_1_168' title='bbox 1850 2444 1951 2508; x_wconf 90' lang='lat' dir='ltr'><strong>sic</strong></span> <span class='ocrx_word' id='word_1_169' title='bbox 1978 2444 2108 2530; x_wconf 83' lang='lat' dir='ltr'><strong>ipsi</strong></span> <span class='ocrx_word' id='word_1_170' title='bbox 2137 2447 2395 2513; x_wconf 87' lang='lat' dir='ltr'><strong>Romae</strong></span> <span class='ocrx_word' id='word_1_171' title='bbox 2430 2446 2630 2513; x_wconf 79' lang='grc' dir='ltr'><em>ἑπώ-</em></span> 
     </span>
     <span class='ocr_line' id='line_1_22' title="bbox 485 2546 2674 2636; baseline 0.002 -25"><span class='ocrx_word' id='word_1_172' title='bbox 485 2568 683 2629; x_wconf 76' lang='grc' dir='ltr'>νυμοι</span> <span class='ocrx_word' id='word_1_173' title='bbox 705 2546 1211 2633; x_wconf 87' lang='lat' dir='ltr'><strong>conditoresque</strong></span> <span class='ocrx_word' id='word_1_174' title='bbox 1246 2566 1409 2634; x_wconf 89' lang='lat' dir='ltr'><strong>prae</strong></span> <span class='ocrx_word' id='word_1_175' title='bbox 1433 2550 1723 2614; x_wconf 87' lang='lat' dir='ltr'><strong>caeteris</strong></span> <span class='ocrx_word' id='word_1_176' title='bbox 1766 2546 2044 2631; x_wconf 88' lang='lat' dir='ltr'><strong>publicis</strong></span> <span class='ocrx_word' id='word_1_177' title='bbox 2072 2547 2336 2614; x_wconf 80' lang='lat' dir='ltr'><strong>Lares</strong></span> <span class='ocrx_word' id='word_1_178' title='bbox 2376 2565 2620 2636; x_wconf 84' lang='lat' dir='ltr'><strong>prae-</strong></span> <span class='ocrx_word' id='word_1_179' title='bbox 2668 2576 2674 2582; x_wconf 91' lang='lat'>·</span> 
     </span>
     <span class='ocr_line' id='line_1_23' title="bbox 487 2649 2617 2737; baseline 0.004 -24"><span class='ocrx_word' id='word_1_180' title='bbox 487 2650 651 2713; x_wconf 87' lang='lat' dir='ltr'><strong>stit</strong></span> <span class='ocrx_word' id='word_1_181' title='bbox 668 2666 755 2713; x_wconf 91' lang='lat' dir='ltr'><strong>es</strong></span> <span class='ocrx_word' id='word_1_182' title='bbox 800 2651 1132 2734; x_wconf 88' lang='lat' dir='ltr'><strong>appellati.</strong></span> <span class='ocrx_word' id='word_1_183' title='bbox 1223 2649 1410 2732; x_wconf 82' lang='lat' dir='ltr'><strong>Quod</strong></span> <span class='ocrx_word' id='word_1_184' title='bbox 1458 2651 1705 2716; x_wconf 87' lang='lat' dir='ltr'><strong>clarius</strong></span> <span class='ocrx_word' id='word_1_185' title='bbox 1752 2651 1951 2714; x_wconf 86' lang='lat' dir='ltr'><strong>etiam</strong></span> <span class='ocrx_word' id='word_1_186' title='bbox 1995 2649 2364 2734; x_wconf 86' lang='lat' dir='ltr'><strong>elucescet,</strong></span> <span class='ocrx_word' id='word_1_187' title='bbox 2422 2672 2676 2737; x_wconf 87' lang='lat' dir='ltr'><strong>quum</strong></span> 
     </span>
    </p>
   </div>
   <div class='ocr_carea' id='block_1_9' title="bbox 484 2752 2822 2838">
    <p class='ocr_par' dir='ltr' id='par_1_10' title="bbox 484 2752 2822 2838">
     <span class='ocr_line' id='line_1_24' title="bbox 484 2752 2822 2838; baseline 0.001 -20"><span class='ocrx_word' id='word_1_188' title='bbox 484 2753 729 2818; x_wconf 84' lang='lat' dir='ltr'><strong>Larum</strong></span> <span class='ocrx_word' id='word_1_189' title='bbox 782 2753 1088 2838; x_wconf 90' lang='lat' dir='ltr'><strong>templum</strong></span> <span class='ocrx_word' id='word_1_190' title='bbox 1145 2754 1524 2838; x_wconf 41' lang='lat' dir='ltr'><strong>inssumma</strong></span> <span class='ocrx_word' id='word_1_191' title='bbox 1577 2768 1777 2814; x_wconf 84' lang='lat' dir='ltr'><strong>sacra</strong></span> <span class='ocrx_word' id='word_1_192' title='bbox 1831 2752 1944 2815; x_wconf 84' lang='lat' dir='ltr'><strong>via</strong></span> <span class='ocrx_word' id='word_1_193' title='bbox 2001 2754 2319 2835; x_wconf 90' lang='lat' dir='ltr'><strong>positum,</strong></span> <span class='ocrx_word' id='word_1_194' title='bbox 2378 2769 2617 2820; x_wconf 68' lang='lat' dir='ltr'><strong>revera</strong></span> <span class='ocrx_word' id='word_1_195' title='bbox 2691 2832 2698 2837; x_wconf 22' lang='lat'><strong>⁴</strong></span> <span class='ocrx_word' id='word_1_196' title='bbox 2813 2819 2822 2820; x_wconf 22' lang='grc' dir='ltr'>ι</span> 
     </span>
    </p>
   </div>
   <div class='ocr_carea' id='block_1_10' title="bbox 404 2850 2615 2938">
    <p class='ocr_par' dir='ltr' id='par_1_11' title="bbox 404 2850 2615 2938">
     <span class='ocr_line' id='line_1_25' title="bbox 404 2850 2615 2938; baseline 0 -20"><span class='ocrx_word' id='word_1_197' title='bbox 404 2869 422 2885; x_wconf 74' lang='grc'><em>’</em></span> <span class='ocrx_word' id='word_1_198' title='bbox 483 2853 635 2918; x_wconf 91' lang='lat' dir='ltr'><strong>olim</strong></span> <span class='ocrx_word' id='word_1_199' title='bbox 677 2858 1008 2938; x_wconf 87' lang='lat' dir='ltr'><strong>antiquam</strong></span> <span class='ocrx_word' id='word_1_200' title='bbox 1048 2852 1250 2917; x_wconf 86' lang='lat' dir='ltr'><strong>Urbis</strong></span> <span class='ocrx_word' id='word_1_201' title='bbox 1293 2851 1550 2936; x_wconf 82' lang='lat' dir='ltr'><strong>regiam</strong></span> <span class='ocrx_word' id='word_1_202' title='bbox 1587 2850 1802 2913; x_wconf 87' lang='lat' dir='ltr'><strong>fuisse</strong></span> <span class='ocrx_word' id='word_1_203' title='bbox 1840 2851 2012 2914; x_wconf 81' lang='lat' dir='ltr'><strong>infra</strong></span> <span class='ocrx_word' id='word_1_204' title='bbox 2058 2850 2615 2919; x_wconf 81' lang='lat' dir='ltr'><strong>demonstraveri-</strong></span> 
     </span>
    </p>
   </div>
   <div class='ocr_carea' id='block_1_11' title="bbox 434 2949 2614 3137">
    <p class='ocr_par' dir='ltr' id='par_1_12' title="bbox 434 2949 2614 3137">
     <span class='ocr_line' id='line_1_26' title="bbox 472 2949 2614 3039; baseline 0 -20"><span class='ocrx_word' id='word_1_205' title='bbox 472 2972 646 3019; x_wconf 88' lang='lat' dir='ltr'><strong>mus.</strong></span> <span class='ocrx_word' id='word_1_206' title='bbox 735 2956 928 3017; x_wconf 89' lang='lat' dir='ltr'><strong>Nunc</strong></span> <span class='ocrx_word' id='word_1_207' title='bbox 967 2951 1091 3014; x_wconf 86' lang='lat' dir='ltr'><strong>boc</strong></span> <span class='ocrx_word' id='word_1_208' title='bbox 1119 2950 1391 3013; x_wconf 50' lang='lat' dir='ltr'><strong>dixisse*</strong></span> <span class='ocrx_word' id='word_1_209' title='bbox 1420 2949 1592 3010; x_wconf 87' lang='lat' dir='ltr'><strong>satis</strong></span> <span class='ocrx_word' id='word_1_210' title='bbox 1637 2952 1764 3028; x_wconf 91' lang='lat' dir='ltr'><strong>est,</strong></span> <span class='ocrx_word' id='word_1_211' title='bbox 1807 2949 1938 3012; x_wconf 83' lang='lat' dir='ltr'><strong>iam</strong></span> <span class='ocrx_word' id='word_1_212' title='bbox 1980 2955 2245 3014; x_wconf 78' lang='lat' dir='ltr'><strong>veteres</strong></span> <span class='ocrx_word' id='word_1_213' title='bbox 2282 2955 2614 3039; x_wconf 83' lang='lat' dir='ltr'><strong>geminum</strong></span> 
     </span>
     <span class='ocr_line' id='line_1_27' title="bbox 434 3046 2610 3137; baseline 0.01 -37"><span class='ocrx_word' id='word_1_214' title='bbox 434 3099 437 3100; x_wconf 11' lang='grc' dir='ltr'>ι</span> <span class='ocrx_word' id='word_1_215' title='bbox 476 3051 827 3136; x_wconf 85' lang='lat' dir='ltr'><strong>primorum</strong></span> <span class='ocrx_word' id='word_1_216' title='bbox 867 3053 1098 3137; x_wconf 78' lang='lat' dir='ltr'><strong>regum</strong></span> <span class='ocrx_word' id='word_1_217' title='bbox 1140 3064 1262 3133; x_wconf 89' lang='lat' dir='ltr'><strong>par</strong></span> <span class='ocrx_word' id='word_1_218' title='bbox 1305 3046 1647 3112; x_wconf 83' lang='lat' dir='ltr'><strong>affinitatis</strong></span> <span class='ocrx_word' id='word_1_219' title='bbox 1677 3046 1956 3129; x_wconf 87' lang='lat' dir='ltr'><strong>quodam</strong></span> <span class='ocrx_word' id='word_1_220' title='bbox 1992 3051 2252 3116; x_wconf 80' lang='lat' dir='ltr'><strong>vinculo</strong></span> <span class='ocrx_word' id='word_1_221' title='bbox 2298 3071 2442 3119; x_wconf 90' lang='lat' dir='ltr'><strong>cum</strong></span> <span class='ocrx_word' id='word_1_222' title='bbox 2466 3057 2610 3120; x_wconf 46' lang='lat' dir='ltr'><strong>La*</strong></span> 
     </span>
    </p>
   </div>
   <div class='ocr_carea' id='block_1_12' title="bbox 475 3150 2682 3547">
    <p class='ocr_par' dir='ltr' id='par_1_13' title="bbox 475 3150 2682 3547">
     <span class='ocr_line' id='line_1_28' title="bbox 481 3150 2682 3239; baseline 0.003 -23"><span class='ocrx_word' id='word_1_223' title='bbox 481 3154 665 3217; x_wconf 90' lang='lat' dir='ltr'><strong>ribus</strong></span> <span class='ocrx_word' id='word_1_224' title='bbox 711 3153 1122 3216; x_wconf 84' lang='lat' dir='ltr'><strong>coniunctum</strong></span> <span class='ocrx_word' id='word_1_225' title='bbox 1169 3151 1553 3234; x_wconf 84' lang='lat' dir='ltr'><strong>suspicatos</strong></span> <span class='ocrx_word' id='word_1_226' title='bbox 1595 3165 1772 3213; x_wconf 86' lang='lat' dir='ltr'><strong>esse.</strong></span> <span class='ocrx_word' id='word_1_227' title='bbox 1873 3150 2026 3217; x_wconf 89' lang='lat' dir='ltr'><strong>Huc</strong></span> <span class='ocrx_word' id='word_1_228' title='bbox 2066 3155 2238 3218; x_wconf 90' lang='lat' dir='ltr'><strong>enim</strong></span> <span class='ocrx_word' id='word_1_229' title='bbox 2278 3160 2610 3239; x_wconf 84' lang='lat' dir='ltr'><strong>pertinere</strong></span> <span class='ocrx_word' id='word_1_230' title='bbox 2674 3230 2682 3236; x_wconf 50' lang='grc'>,</span> 
     </span>
     <span class='ocr_line' id='line_1_29' title="bbox 478 3249 2608 3344; baseline 0.005 -27"><span class='ocrx_word' id='word_1_231' title='bbox 478 3251 679 3317; x_wconf 89' lang='lat' dir='ltr'><strong>credo</strong></span> <span class='ocrx_word' id='word_1_232' title='bbox 724 3249 950 3317; x_wconf 87' lang='lat' dir='ltr'><strong>Cassii</strong></span> <span class='ocrx_word' id='word_1_233' title='bbox 991 3252 1316 3318; x_wconf 80' lang='lat' dir='ltr'><strong>Heminae</strong></span> <span class='ocrx_word' id='word_1_234' title='bbox 1362 3251 1603 3334; x_wconf 82' lang='lat' dir='ltr'><strong>verba,</strong></span> <span class='ocrx_word' id='word_1_235' title='bbox 1646 3251 1758 3336; x_wconf 87' lang='lat' dir='ltr'><strong>qui</strong></span> <span class='ocrx_word' id='word_1_236' title='bbox 1798 3255 2098 3337; x_wconf 82' lang='lat' dir='ltr'><strong>quamvis</strong></span> <span class='ocrx_word' id='word_1_237' title='bbox 2142 3254 2226 3321; x_wconf 85' lang='lat' dir='ltr'><strong>ad</strong></span> <span class='ocrx_word' id='word_1_238' title='bbox 2268 3274 2608 3344; x_wconf 75' lang='lat' dir='ltr'><strong>gramma-</strong></span> 
     </span>
     <span class='ocr_line' id='line_1_30' title="bbox 475 3354 2606 3441; baseline 0.003 -23"><span class='ocrx_word' id='word_1_239' title='bbox 475 3355 674 3418; x_wconf 81' lang='lat' dir='ltr'><strong>ticam</strong></span> <span class='ocrx_word' id='word_1_240' title='bbox 718 3360 926 3419; x_wconf 88' lang='lat' dir='ltr'><strong>artem</strong></span> <span class='ocrx_word' id='word_1_241' title='bbox 973 3361 1040 3421; x_wconf 92' lang='lat' dir='ltr'><strong>et</strong></span> <span class='ocrx_word' id='word_1_242' title='bbox 1083 3356 1363 3420; x_wconf 89' lang='lat' dir='ltr'><strong>nominis</strong></span> <span class='ocrx_word' id='word_1_243' title='bbox 1417 3354 1917 3440; x_wconf 80' lang='lat' dir='ltr'><strong>explicationem</strong></span> <span class='ocrx_word' id='word_1_244' title='bbox 1972 3358 2423 3441; x_wconf 86' lang='lat' dir='ltr'><strong>subabsurde,</strong></span> <span class='ocrx_word' id='word_1_245' title='bbox 2476 3370 2606 3425; x_wconf 83' lang='lat' dir='ltr'><strong>non&#39;</strong></span> 
     </span>
     <span class='ocr_line' id='line_1_31' title="bbox 479 3458 2603 3547; baseline 0.003 -26"><span class='ocrx_word' id='word_1_246' title='bbox 479 3463 700 3521; x_wconf 89' lang='lat' dir='ltr'><strong>tamen</strong></span> <span class='ocrx_word' id='word_1_247' title='bbox 745 3460 893 3522; x_wconf 86' lang='lat' dir='ltr'><strong>sine</strong></span> <span class='ocrx_word' id='word_1_248' title='bbox 931 3460 1152 3543; x_wconf 77' lang='lat' dir='ltr'><strong>aliqua</strong></span> <span class='ocrx_word' id='word_1_249' title='bbox 1175 3461 1319 3524; x_wconf 82' lang='lat' dir='ltr'><strong>veri</strong></span> <span class='ocrx_word' id='word_1_250' title='bbox 1345 3458 1769 3539; x_wconf 80' lang='lat' dir='ltr'><strong>divinatione,</strong></span> <span class='ocrx_word' id='word_1_251' title='bbox 1814 3476 1939 3522; x_wconf 90' lang='lat' dir='ltr'><strong>nec</strong></span> <span class='ocrx_word' id='word_1_252' title='bbox 1965 3465 2151 3526; x_wconf 87' lang='lat' dir='ltr'><strong>certe</strong></span> <span class='ocrx_word' id='word_1_253' title='bbox 2192 3464 2603 3547; x_wconf 81' lang='lat' dir='ltr'><strong>antiquitatis</strong></span> 
     </span>
    </p>
   </div>
   <div class='ocr_carea' id='block_1_13' title="bbox 434 3557 2652 3749">
    <p class='ocr_par' dir='ltr' id='par_1_14' title="bbox 434 3557 2652 3749">
     <span class='ocr_line' id='line_1_32' title="bbox 482 3557 2652 3656; baseline 0.003 -35"><span class='ocrx_word' id='word_1_254' title='bbox 482 3560 875 3624; x_wconf 84' lang='lat' dir='ltr'><strong>testimoniis</strong></span> <span class='ocrx_word' id='word_1_255' title='bbox 922 3559 1278 3626; x_wconf 89' lang='lat' dir='ltr'><strong>destitutus</strong></span> <span class='ocrx_word' id='word_1_256' title='bbox 1325 3558 1498 3645; x_wconf 85' lang='lat' dir='ltr'><strong>apud</strong></span> <span class='ocrx_word' id='word_1_257' title='bbox 1525 3557 1827 3624; x_wconf 86' lang='lat' dir='ltr'><strong>Diomed.</strong></span> <span class='ocrx_word' id='word_1_258' title='bbox 1859 3557 1927 3640; x_wconf 89' lang='lat' dir='ltr'><strong>I,</strong></span> <span class='ocrx_word' id='word_1_259' title='bbox 1968 3560 2131 3656; x_wconf 66' lang='lat'><strong>379:</strong></span> <span class='ocrx_word' id='word_1_260' title='bbox 2171 3560 2652 3646; x_wconf 71' lang='lat' dir='ltr'><strong>„Pastorum,·‘</strong></span> 
     </span>
     <span class='ocr_line' id='line_1_33' title="bbox 434 3657 2605 3749; baseline 0.001 -21"><span class='ocrx_word' id='word_1_261' title='bbox 434 3660 718 3745; x_wconf 15' lang='lat' dir='ltr'><strong>sinquit,</strong></span> <span class='ocrx_word' id='word_1_262' title='bbox 771 3657 1017 3748; x_wconf 82' lang='lat' dir='ltr'><strong>vulgus</strong></span> <span class='ocrx_word' id='word_1_263' title='bbox 1076 3662 1224 3726; x_wconf 90' lang='lat' dir='ltr'><strong>sine</strong></span> <span class='ocrx_word' id='word_1_264' title='bbox 1281 3660 1698 3725; x_wconf 87' lang='lat' dir='ltr'><strong>contentione</strong></span> <span class='ocrx_word' id='word_1_265' title='bbox 1742 3661 2210 3728; x_wconf 88' lang='lat' dir='ltr'><strong>consentiendo</strong></span> <span class='ocrx_word' id='word_1_266' title='bbox 2243 3666 2605 3749; x_wconf 78' lang='lat' dir='ltr'><strong>&#39;praefece-</strong></span> 
     </span>
    </p>
   </div>
   <div class='ocr_carea' id='block_1_14' title="bbox 465 3729 2730 3847">
    <p class='ocr_par' dir='ltr' id='par_1_15' title="bbox 465 3729 2730 3847">
     <span class='ocr_line' id='line_1_34' title="bbox 465 3729 2730 3847; baseline 0.006 -22"><span class='ocrx_word' id='word_1_267' title='bbox 465 3768 623 3826; x_wconf 71' lang='lat' dir='ltr'><strong>runt</strong></span> <span class='ocrx_word' id='word_1_268' title='bbox 664 3763 1028 3846; x_wconf 88' lang='lat' dir='ltr'><strong>aequaliter</strong></span> <span class='ocrx_word' id='word_1_269' title='bbox 1081 3763 1352 3847; x_wconf 88' lang='lat' dir='ltr'><strong>imperio</strong></span> <span class='ocrx_word' id='word_1_270' title='bbox 1395 3729 1673 3825; x_wconf 84' lang='lat' dir='ltr'><strong>Remum</strong></span> <span class='ocrx_word' id='word_1_271' title='bbox 1719 3766 1786 3825; x_wconf 91' lang='lat' dir='ltr'><strong>et</strong></span> <span class='ocrx_word' id='word_1_272' title='bbox 1827 3760 2207 3847; x_wconf 80' lang='lat' dir='ltr'><strong>Romulum,</strong></span> <span class='ocrx_word' id='word_1_273' title='bbox 2259 3768 2355 3832; x_wconf 89' lang='lat' dir='ltr'><strong>ita</strong></span> <span class='ocrx_word' id='word_1_274' title='bbox 2399 3775 2471 3833; x_wconf 92' lang='lat' dir='ltr'><strong>ut</strong></span> <span class='ocrx_word' id='word_1_275' title='bbox 2491 3767 2632 3842; x_wconf 68' lang='lat' dir='ltr'><strong>des</strong></span> <span class='ocrx_word' id='word_1_276' title='bbox 2703 3832 2730 3838; x_wconf 75' lang='grc'><strong><em>,</em></strong></span> 
     </span>
    </p>
   </div>
   <div class='ocr_carea' id='block_1_15' title="bbox 466 3860 2601 4051">
    <p class='ocr_par' dir='ltr' id='par_1_16' title="bbox 466 3860 2601 4051">
     <span class='ocr_line' id='line_1_35' title="bbox 466 3860 2601 3962; baseline 0.004 -36.013"><span class='ocrx_word' id='word_1_277' title='bbox 466 3867 677 3962; x_wconf 77' lang='lat' dir='ltr'><strong>regno</strong></span> <span class='ocrx_word' id='word_1_278' title='bbox 728 3878 930 3960; x_wconf 83' lang='lat' dir='ltr'><strong>pares</strong></span> <span class='ocrx_word' id='word_1_279' title='bbox 980 3865 1154 3928; x_wconf 84' lang='lat' dir='ltr'><strong>inter</strong></span> <span class='ocrx_word' id='word_1_280' title='bbox 1203 3879 1282 3928; x_wconf 89' lang='lat' dir='ltr'><strong>se</strong></span> <span class='ocrx_word' id='word_1_281' title='bbox 1339 3865 1594 3925; x_wconf 89' lang='lat' dir='ltr'><strong>essent.</strong></span> <span class='ocrx_word' id='word_1_282' title='bbox 1695 3860 2058 3928; x_wconf 88' lang='lat' dir='ltr'><strong>Monstrum</strong></span> <span class='ocrx_word' id='word_1_283' title='bbox 2101 3864 2208 3931; x_wconf 84' lang='lat' dir='ltr'><strong>fit.</strong></span> <span class='ocrx_word' id='word_1_284' title='bbox 2264 3884 2383 3931; x_wconf 91' lang='lat' dir='ltr'><strong>sus</strong></span> <span class='ocrx_word' id='word_1_285' title='bbox 2426 3871 2601 3953; x_wconf 82' lang='lat' dir='ltr'><strong>parit</strong></span> 
     </span>
     <span class='ocr_line' id='line_1_36' title="bbox 469 3959 2598 4051; baseline 0.002 -23"><span class='ocrx_word' id='word_1_286' title='bbox 469 3981 710 4046; x_wconf 89' lang='lat' dir='ltr'><strong>porcos</strong></span> <span class='ocrx_word' id='word_1_287' title='bbox 782 3964 1094 4051; x_wconf 84' lang='lat' dir='ltr'><strong>triginta,</strong></span> <span class='ocrx_word' id='word_1_288' title='bbox 1174 3964 1360 4029; x_wconf 86' lang='lat' dir='ltr'><strong>cuius</strong></span> <span class='ocrx_word' id='word_1_289' title='bbox 1427 3962 1526 4026; x_wconf 91' lang='lat' dir='ltr'><strong>rei</strong></span> <span class='ocrx_word' id='word_1_290' title='bbox 1592 3959 1813 4026; x_wconf 85' lang='lat' dir='ltr'><strong>fanum</strong></span> <span class='ocrx_word' id='word_1_291' title='bbox 1880 3963 2179 4031; x_wconf 84' lang='lat' dir='ltr'><strong>fecerunt</strong></span> <span class='ocrx_word' id='word_1_292' title='bbox 2229 3965 2598 4033; x_wconf 86' lang='lat' dir='ltr'><strong>Laribus</strong></span> 
     </span>
    </p>
   </div>
   <div class='ocr_carea' id='block_1_16' title="bbox 468 4060 2628 4172">
    <p class='ocr_par' dir='ltr' id='par_1_17' title="bbox 468 4060 2628 4172">
     <span class='ocr_line' id='line_1_37' title="bbox 468 4060 2628 4172; baseline 0.004 -45"><span class='ocrx_word' id='word_1_293' title='bbox 468 4060 531 4127; x_wconf 77' lang='lat' dir='ltr'>G</span> <span class='ocrx_word' id='word_1_294' title='bbox 544 4087 578 4130; x_wconf 90' lang='grc' dir='ltr'><strong>ι·</strong></span> <span class='ocrx_word' id='word_1_295' title='bbox 592 4086 634 4130; x_wconf 93' lang='grc' dir='ltr'><strong>ιι</strong></span> <span class='ocrx_word' id='word_1_296' title='bbox 649 4085 691 4130; x_wconf 92' lang='grc' dir='ltr'><strong>ιι</strong></span> <span class='ocrx_word' id='word_1_297' title='bbox 708 4064 780 4129; x_wconf 92' lang='lat' dir='ltr'><strong>d</strong></span> <span class='ocrx_word' id='word_1_298' title='bbox 762 4087 784 4129; x_wconf 92' lang='grc' dir='ltr'><strong>ι</strong></span> <span class='ocrx_word' id='word_1_299' title='bbox 798 4067 857 4131; x_wconf 89' lang='lat' dir='ltr'><strong>li</strong></span> <span class='ocrx_word' id='word_1_300' title='bbox 872 4067 912 4131; x_wconf 92' lang='lat' dir='ltr'><strong>b</strong></span> <span class='ocrx_word' id='word_1_301' title='bbox 929 4086 971 4130; x_wconf 93' lang='grc' dir='ltr'><strong>ιι</strong></span> <span class='ocrx_word' id='word_1_302' title='bbox 986 4086 1044 4131; x_wconf 91' lang='lat' dir='ltr'><strong>s.</strong></span> <span class='ocrx_word' id='word_1_303' title='bbox 1057 4066 1104 4102; x_wconf 88' lang='lat'><em>“</em></span> <span class='ocrx_word' id='word_1_304' title='bbox 1186 4066 1357 4130; x_wconf 91' lang='lat' dir='ltr'><strong>Nam</strong></span> <span class='ocrx_word' id='word_1_305' title='bbox 1399 4065 1802 4172; x_wconf 84' lang='lat' dir='ltr'><strong>argutiarum</strong></span> <span class='ocrx_word' id='word_1_306' title='bbox 1828 4065 2405 4152; x_wconf 75' lang='lat' dir='ltr'><strong>grammaticarum</strong></span> <span class='ocrx_word' id='word_1_307' title='bbox 2447 4074 2599 4136; x_wconf 80' lang='lat' dir='ltr'><strong>stu-‘-</strong></span> <span class='ocrx_word' id='word_1_308' title='bbox 2621 4099 2628 4104; x_wconf 90' lang='lat'>·</span> 
     </span>
    </p>
   </div>
   <div class='ocr_carea' id='block_1_17' title="bbox 345 4159 2804 4261">
    <p class='ocr_par' dir='ltr' id='par_1_18' title="bbox 345 4159 2804 4261">
     <span class='ocr_line' id='line_1_38' title="bbox 345 4159 2804 4261; baseline 0.004 -33"><span class='ocrx_word' id='word_1_309' title='bbox 345 4179 351 4187; x_wconf 88' lang='lat'>·</span> <span class='ocrx_word' id='word_1_310' title='bbox 467 4159 613 4245; x_wconf 89' lang='lat' dir='ltr'><strong>dio,</strong></span> <span class='ocrx_word' id='word_1_311' title='bbox 658 4168 812 4251; x_wconf 92' lang='lat' dir='ltr'><strong>quin</strong></span> <span class='ocrx_word' id='word_1_312' title='bbox 854 4165 962 4232; x_wconf 85' lang='lat' dir='ltr'><strong>bic</strong></span> <span class='ocrx_word' id='word_1_313' title='bbox 994 4168 1210 4244; x_wconf 84' lang='lat' dir='ltr'><strong>Lares</strong></span> <span class='ocrx_word' id='word_1_314' title='bbox 1249 4163 1622 4230; x_wconf 79' lang='lat' dir='ltr'><strong>Praestites</strong></span> <span class='ocrx_word' id='word_1_315' title='bbox 1669 4183 1815 4229; x_wconf 92' lang='lat' dir='ltr'><strong>cum</strong></span> <span class='ocrx_word' id='word_1_316' title='bbox 1860 4163 2317 4251; x_wconf 80' lang='lat' dir='ltr'><strong>Grundilibus,</strong></span> <span class='ocrx_word' id='word_1_317' title='bbox 2360 4172 2597 4254; x_wconf 76' lang='lat' dir='ltr'><strong>quibus</strong></span> <span class='ocrx_word' id='word_1_318' title='bbox 2714 4255 2722 4261; x_wconf 26' lang='grc' dir='ltr'>ι</span> <span class='ocrx_word' id='word_1_319' title='bbox 2799 4171 2804 4174; x_wconf 75' lang='grc'>’</span> 
     </span>
    </p>
   </div>
   <div class='ocr_carea' id='block_1_18' title="bbox 360 4247 2644 4368">
    <p class='ocr_par' dir='ltr' id='par_1_19' title="bbox 360 4247 2644 4368">
     <span class='ocr_line' id='line_1_39' title="bbox 360 4247 2644 4368; baseline 0 -34"><span class='ocrx_word' id='word_1_320' title='bbox 360 4247 381 4262; x_wconf 53' lang='grc'><em>”</em></span> <span class='ocrx_word' id='word_1_321' title='bbox 422 4271 425 4276; x_wconf 74' lang='grc'><strong>’</strong></span> <span class='ocrx_word' id='word_1_322' title='bbox 461 4265 795 4368; x_wconf 70' lang='lat' dir='ltr'><strong>publicum</strong></span> <span class='ocrx_word' id='word_1_323' title='bbox 832 4265 1055 4336; x_wconf 79' lang='lat' dir='ltr'><strong>fanum&#39;</strong></span> <span class='ocrx_word' id='word_1_324' title='bbox 1086 4273 1492 4348; x_wconf 82' lang='lat' dir='ltr'><strong>exstructum</strong></span> <span class='ocrx_word' id='word_1_325' title='bbox 1534 4266 1752 4331; x_wconf 84' lang='lat' dir='ltr'><strong>fuisse</strong></span> <span class='ocrx_word' id='word_1_326' title='bbox 1792 4266 2059 4335; x_wconf 82' lang='lat' dir='ltr'><strong>aliunde</strong></span> <span class='ocrx_word' id='word_1_327' title='bbox 2098 4288 2230 4335; x_wconf 92' lang='lat' dir='ltr'><strong>non</strong></span> <span class='ocrx_word' id='word_1_328' title='bbox 2269 4274 2597 4356; x_wconf 74' lang='lat' dir='ltr'><strong>norimus,</strong></span> <span class='ocrx_word' id='word_1_329' title='bbox 2633 4269 2644 4291; x_wconf 82' lang='lat'><em>¹</em></span> 
     </span>
    </p>
   </div>
  </div>
 </body>
</html>
