3013 4888
46 4483 98 4646 'fian-12

391 452 749 571 ctrinam,
768 474 1109 549 tamquam
1154 460 1300 527 sola
1339 477 1503 526 vera
1546 460 1676 542 sit,
1717 456 2060 524 venditant
2107 465 2175 524 et
2215 461 2279 527 in
2324 476 2401 526 re
2443 463 2569 527 ob-

427 582 625 638 scura
669 570 1099 656 profanisque
1142 563 1488 630 interdicta
1536 581 1760 627 errare
1804 581 1882 627 se
1925 565 2224 648 potuisse
2269 566 2568 633 coneedit

424 662 625 760 atque
653 675 893 737 erroris
932 671 1107 735 illius
1152 671 1411 734 veniam
1442 667 1623 731 velut
1664 670 1766 730 ius
1809 665 2134 751 quoddam
2173 670 2300 733 sibi
2328 677 2564 755 postu-
2652 719 2656 724 .

425 780 548 844 lat:
607 773 734 861 ἐγώ
783 769 1030 840 deficta
1085 770 1206 854 μὲν
1251 767 1414 858 ὁρᾷν
1461 763 1835 834 ἅπασιν·οὖ
1880 767 2117 851 θέμις,
2178 764 2329 835 οὔτε
2373 771 2562 860 παρὰ

420 887 553 944 τῶν
573 872 898 998 ὁρώντων
940 870 1225 953 ἀκούειν,
1272 866 1522 939 οὐδ”ἷῖν
1548 868 1945 958 ἐπιγράφειν
1987 867 2219 954 οἷόμαι
2245 873 2407 938 δεῖν·
2451 899 2565 940 νε·-

422 981 635 1064 μεσῶ
630 978 723 1044 δὲ
766 976 877 1042 καὶ
911 981 1052 1053 τοῖς
1098 968 1357 1053 ἄλλοις,
1414 969 1566 1037 ὅσοι
1606 969 1816 1037 πλείω
1852 979 1982 1035 τιῦν
2012 966 2563 1069 συγχωρουμένων
2605 982 2608 985 ’

420 1075 555 1146 ὑπὸ
611 1081 816 1162 νόμου
866 1077 1073 1165 ζητεῖν
1128 1071 1173 1164 ἢ
1223 1070 1561 1162 γινώσκειν
1612 1066 1690 1149 ἆ,
1668 1071 1944 1137 etoinuv·
1990 1069 2075 1133 “A
2119 1072 2205 1137 d
2173 1097 2205 1138 ε
2250 1069 2453 1152 αὐτός
2490 1101 2568 1142 τε.

322 1174 323 1179 ¹
407 1180 625 1259 ,ἴδιὸν
661 1180 1129 1263 ἐπίσταμαι
1173 1205 1211 1243 κ
1269 1202 1321 1242 τ.
1363 1176 1419 1241 λ.
1465 1211 1554 1223 —-
1637 1178 1782 1240 Nec
1827 1173 2174 1259 quidquam
2217 1178 2405 1273 nobis
2452 1180 2561 1245 of-

423 1289 622 1353 ficere
663 1293 884 1373 potest
926 1285 1294 1368 inscriptio,
1348 1299 1541 1366 quam
1586 1282 1652 1344 in
1694 1279 1930 1363 templo
1970 1279 2225 1365 legisse
2266 1298 2344 1343 se
2384 1280 2561 1348 Dio-

420 1393 655 1475 nysius
701 1391 824 1453 ait:
869 1386 1204 1449 ΔΕΝΑΣ.
1293 1382 1369 1446 In
1411 1381 1752 1470 hacffenim
1791 1399 1955 1446 voce
1978 1380 2302 1465 Stephani
2323 1403 2561 1451 exem-

398 1468 566 1577 ‘plat
623 1492 813 1574 sequi
855 1488 1253 1552 tutissimum
1297 1482 1512 1548 habui.
1598 1486 1766 1547 Nam
1811 1502 1898 1545 ex
1938 1483 2340 1567 reliquorum
2372 1476 2561 1554 codd.

336 1600 347 1614 ‘
419 1614 581 1658 mss,
638 1594 843 1657 variis
916 1588 1392 1675 stribliginibus
1449 1605 1715 1650 sensum
1770 1587 2097 1650 extricare
2147 1604 2561 1673 nequaquam

415 1699 606 1763 nobis
643 1695 932 1781 contigit.
1017 1691 1186 1755 Nam
1233 1688 1440 1775 quod,
1483 1697 1554 1753 ut
1591 1687 1986 1773 hoelnomen
2029 1708 2171 1753 cum
2197 1689 2558 1759 Penatibus

419 1799 789 1877 consociet,
864 1803 1128 1858 veteres
1188 1813 1304 1877 pro
1363 1793 1441 1851 Π
1476 1793 1698 1856 littera
1742 1792 1807 1851 A
1850 1793 2211 1875 scripsisse
2256 1798 2556 1877 quamvis

413 1899 640 1966 timide
683 1915 840 1978 nee,
884 1902 956 1960 ut
997 1893 1280 1974 videtur,
1319 1893 1447 1956 ullo
1485 1891 1844 1976 exemplari
1873 1891 2037 1955 fisus
2070 1895 2444 1976 suspicatur
2472 1933 2558 1946 -—
2630 1950 2634 1955 ,

417 2001 653 2066 δοκεῖ
685 2000 829 2085 γάρ
857 2020 1009 2081 μοι,
1067 1997 1186 2059 τοῦ
1227 1995 1307 2054 ΙΙ
1341 1991 1550 2083 μήπω
1593 1989 1985 2080 γράμματος
2028 1986 2419 2080 εὑρημένου,
2462 2004 2562 2085 τῷ

416 2103 615 2167 δέλτα
660 2101 900 2186 δηλοῦν
931 2096 1048 2184 τὴν
1087 2095 1337 2161 ἐκείνου
1386 2093 1661 2177 δύναμιν
1702 2094 1860 2171 τοὺς
1897 2092 2231 2171 παλαιούς
2273 2122 2388 2160 -ε
2433 2099 2559 2167 hoc

316 2198 321 2205 ¹
366 2210 373 2217 ‘
414 2206 609 2289 plane
649 2201 1008 2267 inauditum
1049 2220 1135 2264 ne
1176 2201 1521 2264 levissima
1562 2196 1821 2282 quidem
1861 2198 2221 2262 litterarum
2248 2202 2557 2266 similitu-

417 2306 979 2371 dineaadiuvatur.
1067 2302 1332 2368 Erroris
1373 2310 1592 2366 autem
1631 2303 2070 2385 suspicionem
2115 2321 2156 2366 a
2196 2301 2342 2367 rudi
2371 2307 2559 2371 scul-

415 2421 605 2498 ptore
651 2411 981 2477 commissi
1023 2415 1154 2475 tam
1200 2408 1847 2492 brevisjnsc-riptio,
1905 2410 2293 2491 praesertim
2334 2411 2400 2480 in
2427 2431 2558 2495 pu·-
2625 2479 2630 2482 ,

413 2516 586 2579 blica
628 2514 919 2577 Deorum
974 2513 1540 2591 ‚sanctissimorum
1585 2508 1753 2572 aede
1796 2526 2207 2591 nequaquam
2254 2509 2554 2579 admittit.

412 2618 558 2682 Nec
610 2622 959 2700 praeterea
1002 2613 1570 2676 nominativus
1618 2610 2094 2695 singularis
2140 2614 2358 2675 autin
2399 2632 2557 2699 ge-

392 2705 658 2785 'minis
700 2717 889 2782 Diis
935 2705 1166 2800 aptuS,
1225 2719 1339 2778 aut
1378 2731 1654 2798 usquam
1685 2710 1837 2773 alibi
1867 2712 2161 2775 occurrit.
2251 2710 2554 2792 Quinim-

409 2842 514 2889 mo
572 2829 749 2886 totus
805 2818 1164 2906 singularis
1218 2834 1523 2879 numerus
1582 2814 1709 2875 nisi
1769 2809 2120 2874 audaciore
2173 2811 2384 2899 figura
2438 2829 2552 2898 pro

411 2926 641 2992 domo
685 2925 942 3009 positus
987 2939 1029 2985 a
1067 2921 1283 3004 poetis
1323 2937 1449 2982 non
1480 2917 1825 2981 invenitur.
1917 2909 2140 2992 Quid?
2226 2913 2303 2980 Si
2331 2918 2555 3000 publi..

412 3048 488 3095 ce
543 3032 817 3111 recepta
859 3023 1029 3088 haec
1072 3024 1348 3087 nominis
1394 3020 1601 3084 forma
1640 3021 1708 3081 iu
1751 3016 2009 3101 publica
2054 3001 2343 3081 Deorum
2384 3018 2556 3084 aede

413 3131 619 3194 oculis
696 3130 977 3194 omnium
1048 3126 1386 3210 proposita
1458 3124 1734 3202 fuisset,
1803 3118 2062 3183 doctine
2118 3121 2556 3187 Romanorum

412 3234 817 3317 grammatici
860 3230 1159 3295 dubitare
1197 3229 1602 3312 potuissent,
1646 3241 1925 3309 quanam
1955 3238 2042 3285 ex
2069 3226 2555 3306 comparatione

393 3322 727 3393 'defectivi
788 3330 1085 3394 vocabuli
1149 3323 1350 3391 casus
1396 3333 1617 3389 rectus
1662 3322 2020 3409 singularis
2065 3340 2125 3383 n.
2170 3321 2553 3387 formandus

414 3438 617 3495 esset.
703 3431 795 3494 At
851 3430 1001 3495 illud
1067 3431 1316 3495 fecisse
1373 3445 1493 3492 eos
1546 3423 1862 3490 videmus·
1903 3440 2005 3508 ap.
2061 3423 2243 3488 Fest.
2302 3444 2366 3509 p.
2421 3426 2553 3490 216

410 3533 706 3599 Lindem.
791 3532 1194 3613 „Penatis
1240 3531 1664 3618 singulariter
1718 3528 1945 3596 Labeo
1976 3526 2306 3591 Antistius
2349 3546 2555 3612 posse

415 3634 544 3699 dici
597 3640 877 3719 putat,
936 3639 1087 3717 quia
1132 3636 1468 3718 pluraliter
1511 3632 1801 3697 Penates
1847 3628 2178 3712 dicantur,
2223 3649 2369 3696 cum·
2409 3648 2552 3715 pa-

414 3741 678 3804 tiatur
733 3737 1059 3820 proportio
1107 3739 1327 3800 etiam
1355 3734 1576 3799 Penas
1624 3734 1800 3798 dici“
1837 3737 2034 3798 caett.
2076 3768 2162 3781 —-
2249 3731 2549 3800 Errasse

412 3844 616 3930 igitur
671 3841 737 3903 in
793 3835 1076 3922 legendo
1136 3841 1392 3900 nomine
1445 3840 1658 3928 ipsum
1701 3837 2088 3921 Dionysium
2133 3844 2379 3901 certum
2423 3845 2549 3922 est,

415 3951 483 4010 et
524 3943 586 4007 si
628 3944 695 4006 in
736 3939 854 4003 tali
896 3953 970 4000 re
1021 3939 1458 4001 coniecturam
1498 3939 1793 4021 proferre
1834 3939 2023 4004 modo
2068 3956 2152 4003 ne
2196 3939 2551 4005 violentio-

412 4065 548 4111 rem
612 4063 805 4131 quam
854 4042 1064 4127 ipsius
1107 4039 1414 4122 Dionysii
1467 4040 1659 4121 licet,
1714 4045 2099 4129 inscriptum
2140 4043 2355 4112 fuisse
2400 4043 2552 4107 effi-

338 4189 347 4194 κ
415 4150 668 4236 gierum
725 4143 1044 4232 crepidini
1089 4138 1421 4206 DENAM
1474 4145 1814 4226 suspicor,
1881 4143 2051 4231 quod
2096 4144 2244 4209 dum
2284 4131 2549 4229 antiquo

414 4269 597 4318 more
642 4270 684 4316 a
727 4250 965 4317 dextra
1008 4248 1473 4322 sinistrorsum*
1500 4261 1740 4333 versus
1780 4246 1971 4337 legas
2019 4254 2090 4312 et
2128 4249 2191 4312 D
2236 4251 2553 4350 sirenum-
