3013 4888
1778 473 1794 501 Ι

710 527 932 603 Quaeris
964 539 1069 589 iter
1088 533 1115 587 ,²
1154 537 1342 587 dicam.
1380 526 1614 587 'vici‘aem
1631 551 1682 585 m
1720 535 1887 587 Cast
1907 551 2029 587 ora
2067 547 2231 587 emme

786 605 1063 676 Transibis
1104 624 1190 674 Ve
1206 638 1233 673 ε
1245 628 1266 671 t
1280 637 1312 671 a
1330 636 1358 672 e
1369 659 1390 687 ,
1440 622 1831 688 Vimine-amque
1862 622 2086 680 domum.

720 708 847 770 lade
880 723 909 758 s
927 723 961 756 a
977 722 1004 756 c
1018 722 1093 757 ro
1127 704 1420 760 vmtcranda
1452 712 1600 771 petes
1630 722 1667 770 p
1687 721 1721 754 a
1737 705 1757 754 1
1774 720 1807 754 a
1822 711 1844 755 t
1859 706 1878 755 i
1893 721 1930 755 a
1964 705 2100 756 cliv
2118 721 2166 758 ο.

436 811 732 893 Quacum
764 790 1220 893 'descriptione
1263 806 1431 870 alius
1476 804 1687 891 =Solini
1730 806 1913 872 locus
1953 814 2200 873 tantum
2236 809 2455 892 abest,
2498 816 2571 876 ut

435 921 729 1004 pugnet,
785 919 859 978 ut
913 912 1224 997 imprimis
1265 927 1409 974 eam
1459 910 1725 990 fulciat,
1780 908 1978 994 idque
2018 909 2189 995 quod
2234 909 2318 975 de
2368 912 2570 978 Lari-

436 1019 561 1084 bus
627 1016 903 1102 publicis
961 1015 1388 1101 praestitibus
1446 1015 1515 1077 in
1572 1013 1966 1078 uuiversum‘
2004 1012 2286 1078 diximus
2299 1062 2321 1097 ,
2380 1021 2603 1081 extra·

437 1138 687 1186 omnem
757 1118 1220 1184 dubitationem
1287 1122 1504 1202 ponat.
1606 1114 1870 1180 Etenim
1926 1116 2071 1198 ille,
2142 1124 2357 1182 testes
2421 1121 2570 1183 siue

439 1223 637 1289 dubio
696 1224 999 1307 antiquos
1013 1269 1034 1304 ,
1104 1222 1416 1306 quamvis·
1454 1237 1498 1283 a
1554 1237 1631 1282 se
1686 1237 1810 1282 nou
1871 1219 2240 1285 intellectos
2298 1228 2572 1287 secutus

436 1325 1215 1394 AncumMarcium
1291 1322 1636 1388 habitasse
1694 1325 1789 1386 ait
1846 1323 1913 1386 in
1972 1341 2267 1387 summa
2324 1317 2575 1390 sacra

438 1432 609 1512 via,
655 1429 763 1494 ubi
805 1426 1058 1492 aedes
1101 1426 1438 1491 Larium
1482 1431 1623 1508 est,
1671 1441 1948 1509 eamque
1991 1426 2081 1490 ibi
2122 1425 2357 1492 aedem
2397 1428 2573 1492 suis-

440 1550 520 1596 se
555 1537 1053 1610 &monumentum
1109 1530 1279 1593 omni
1322 1531 1697 1613 suspicione
1740 1530 1948 1592 maius
1961 1575 1982 1610 ,
2039 1529 2573 1614 Ancyranum

434 1653 812 1713 marmor,
863 1633 1163 1696 affirmat.
1268 1628 1436 1710 Quid
1506 1627 1763 1719 igitur?
1823 1633 2114 1716 Antiqua
2157 1636 2345 1719 regia
2400 1633 2574 1714 Anci

436 1734 1066 1818 Tarquiniorumque
1124 1730 1337 1796 Prisci
1394 1738 1462 1795 et
1511 1730 1797 1815 Superbi
1857 1733 2124 1815 primum
2179 1734 2247 1797 in
2292 1732 2575 1799 heredes
2666 1745 2675 1750 ”

373 1847 376 1856 ·
438 1839 631 1925 regni
680 1836 985 1901 Valerios
1045 1836 1285 1916 cessit,
1347 1832 1496 1898 hinc
1552 1831 1647 1906 fad
1705 1831 2002 1918 populum
2061 1852 2311 1899 summa
2358 1856 2575 1902 rerum

345 1969 372 1980 κ
439 1941 650 2004 relata
694 1935 757 2004 ei
798 1938 955 2003 data
996 1943 1137 2019 est,
1182 1939 1291 2022 qui
1335 1942 1404 2001 et
1447 1935 1926 2001 sacerdotalem
1967 1939 2574 2025 regnipotestatem

439 2049 509 2106 et
553 2043 735 2129 regis
779 2041 988 2126 ipsius
1024 2057 1255 2103 nomen
1302 2040 1635 2117 servavit,
1698 2039 1846 2125 regi
1890 2038 2280 2104 sacrificulo.
2367 2038 2574 2105 Cuius

440 2146 791 2228 memoriae
834 2143 1131 2227 quamvis
1177 2144 1401 2205 tenuia
1444 2141 1738 2227 vestigia
1780 2141 2011 2228 legere
2053 2139 2206 2203 mibi
2252 2139 2573 2208 videorin

403 2231 407 2235 Δ
445 2246 672 2310 verbis
713 2229 937 2311 Servii
976 2244 1415 2332 grammatici,
1463 2244 1577 2327 qui
1623 2241 1708 2306 ad
1751 2243 1831 2307 V.
1878 2243 1961 2307 A.
2005 2240 2193 2321 VIII,
2236 2243 2366 2309 646
2407 2243 2575 2310 haec

439 2346 711 2412 adnotat
748 2348 816 2411 in
841 2346 1384 2431 ⁴Tarquinium
1428 2343 1916 2430 Superbum:
1969 2342 2347 2428 „Eiectumt
2391 2349 2575 2433 atqui

384 2455 392 2473 “
441 2456 699 2536 poterat
748 2451 998 2534 suscipi
1052 2455 1121 2514 et
1170 2447 1399 2515 occidi.
1457 2446 1629 2515 ‘Sed
1687 2441 1836 2513 ideo
1879 2466 2006 2513 non
2051 2455 2159 2514 est
2195 2456 2574 2539 susceptuS,

360 2566 369 2572 ’
438 2558 593 2638 quia
638 2554 845 2620 occidi
890 2573 1018 2645 non
1057 2559 1316 2637 poterat
1340 2553 1658 2638 religione
1681 2551 2079 2637 prohibente.
2150 2553 2329 2617 Rex
2365 2555 2576 2618 enim

393 2662 408 2677 “
439 2672 866 2733 sacrorum
909 2653 1192 2716 suerat.“
1277 2651 1354 2717 In
1391 2652 1584 2716 huius
1629 2653 1829 2734 atrio,
1884 2653 2253 2717 alterius
2285 2654 2576 2719 Roma-

437 2773 593 2821 nae
639 2753 1045 2841 quondam
1089 2756 1735 2843 regiae.alteris
1779 2754 2394 2840 penetralibus,
2437 2757 2573 2823 fo-

438 2879 586 2926 cus
641 2860 928 2925 civitatis
986 2859 1322 2943 publicuS,
1377 2858 1483 2923 hic
1523 2861 1792 2924 Lares
1831 2862 2054 2948 gentis
2097 2857 2338 2942 tutela,
2393 2854 2575 2925 eamss

437 2982 568 3050 que
609 2965 823 3050 ipsam
862 2951 943 3029 ob
991 2979 1262 3029 causam
1307 2960 1666 3028 sacerdotii
1711 2965 1941 3028 summi
1972 2963 2349 3030 successori
2375 2968 2577 3029 c'urae

437 3066 785 3131 commissi.
873 3065 1020 3130 Hoc
1059 3050 1283 3130 ‘autem
1324 3063 1665 3149 templum,
1721 3067 1877 3149 quin
1917 3063 2090 3130 idem
2134 3068 2226 3130 sit
2270 3065 2577 3130 atrium

437 3169 796 3251 regium,
849 3166 1020 3251 quod
1064 3169 1296 3232 Livius
1341 3168 1495 3231 belli
1540 3168 1769 3231 Punici
1797 3167 2066 3232 secundi
2096 3173 2386 3249 tempore
2411 3185 2579 3229 con-

440 3274 763 3351 sumptum
807 3269 965 3354 igne
998 3268 1263 3350 XXVI,
1308 3269 1416 3350 27,
1458 3270 1830 3331 restitutum
1870 3265 2164 3343 XXVII,
2211 3272 2291 3331 ll
2327 3273 2577 3345 narrat,

381 3448 382 3453 Ἰ
438 3365 654 3432 nullus
715 3364 955 3432 dubito.
1041 3366 1212 3431 Nam
1262 3363 1345 3429 ab
1398 3366 1811 3452 argentariis
1855 3369 2127 3449 utroque
2170 3383 2416 3430 versus·
2445 3367 2580 3431 cir-

440 3485 586 3532 cum
657 3466 918 3550 privata
977 3480 1146 3548 quae
1206 3463 1347 3529 foro
1406 3463 1787 3528 adiacerent
1843 3458 2145 3528 aedificia
2197 3472 2579 3553 grassatum

440 3583 599 3632 esse
635 3562 1012 3630 incendium
1055 3546 1288 3647 tradit3
1332 3561 1459 3629 bac
1499 3564 1710 3629 forum
1754 3565 2173 3649 piscatorium
2199 3564 2327 3631 hac
2369 3568 2577 3637 atri-

2334 341 2339 430 ss
2418 340 2565 449 '107

438 3688 563 3732 um
616 3668 934 3755 regium
991 3667 1547 3761 comprehensum.
1633 3668 1805 3732 Nam
1850 3666 1934 3734 de
1976 3670 2205 3734 atrio
2251 3669 2578 3734 Vestae
2685 3718 2690 3725 .
2768 3678 2779 3687 ‘

440 3769 587 3834 sive
630 3770 996 3858 Regiae,
1066 3788 1257 3854 quam
1300 3771 1561 3856 proprie
1602 3768 1948 3848 dicebant,
2007 3772 2348 3855 quominus
2394 3773 2578 3837 acci-

438 3877 689 3961 piatur,
760 3876 910 3960 ipse
965 3875 1199 3940 Livius
1246 3875 1550 3962 impedit,
1621 3879 1731 3961 qui
1789 3875 1956 3940 baec
2019 3874 2231 3940 addit:
2294 3876 2600 3942 Aedes·

437 3977 756 4043 Vestae
813 3976 953 4041 vix
991 3974 1351 4040 defensa
1394 3983 1520 4041 est.
1607 3978 1753 4042 Nec
1794 3976 2087 4061 profecto
2126 3976 2316 4041 aliter
2357 3979 2577 4041 atri-

437 4095 559 4140 um
626 4076 981 4165 regium,
1055 4078 1313 4141 etiamsi
1370 4077 1577 4140 omnis
1640 4079 1934 4165 regionis
1982 4072 2224 4141 'notitia
2281 4079 2574 4161 abesset,

439 4192 633 4258 quam
690 4179 929 4265 regis
990 4178 1286 4242 atrium
1334 4177 1613 4264 intelligi
1664 4186 1877 4263 possex
1913 4184 2114 4263 patet.
2198 4179 2402 4267 Atqui
2444 4184 2596 4247 nisi·

436 4276 804 4343 sacrificum
845 4278 1086 4345 nullum
1111 4280 1325 4373 Roma
1367 4297 1597 4368 regem
1641 4282 1935 4370 agnovit.
2089 4287 2091 4290 ⁴
