3013 4888
492 328 618 395 1⁰8

1234 532 1238 541 -
1281 533 1286 540 ι
1331 483 1549 571 Cap.
1598 491 1743 590 18.

486 614 1059 698 Gonti‘nucctur
1098 598 1276 705 (πάρ.
1311 620 1407 684 16.
1456 617 1847 708 Dionysii
1882 607 2614 716 Halicarnassen-

881 722 1008 786 εὶε
1062 740 1303 787 error
1356 722 1696 807 quidam
1737 722 2210 811 refutatur.

625 927 634 932 ,
678 855 834 921 Jam
876 874 1034 922 vero
1070 854 1225 920 vide
1262 857 1360 920 sis
1377 904 1401 938 ,
1446 875 1638 942 quam
1679 860 1954 946 egregie
1983 858 2086 924 his
2115 863 2414 929 concinat
2441 864 2613 929 Dio·
2676 889 2699 936 f
2750 875 2754 880 '

362 995 371 1012 ι
456 957 652 1038 'nysii
695 957 913 1040 locus,
973 962 1083 1048 qui
1125 958 1467 1024 dummodo
1513 961 2241 1029 a”festinante=manum
2272 970 2611 1033 coniectu-

409 1079 412 1082 ·
477 1078 553 1123 ra
596 1062 889 1136 retineas
905 1108 925 1143 ,
980 1061 1220 1127 Larum
1262 1064 1575 1129 sacellum
1620 1063 1686 1141 Ι,
1731 1065 1819 1131 68
1861 1067 1957 1130 ita
1995 1066 2341 1148 describit,
2387 1072 2635 1136 utloci„

478 1163 684 1244 situS‚
754 1164 1008 1248 qualem
1063 1184 1185 1229 nos
1243 1184 1445 1250 supra
1488 1165 1894 1231 definivimus
1940 1169 2182 1234 clarius
2227 1174 2423 1237 etiam
2463 1174 2631 1253 elus

474 1267 726 1332 cescat.
782 1259 946 1340 νεώς
987 1259 1056 1327 ἐν
1078 1256 1293 1350 Ῥώμη
1320 1261 1649 1329 δείκνυται
1689 1268 1836 1352 τῆς
1879 1260 2194 1357 ἀγορᾶς
2235 1266 2367 1337 οὗ
2345 1269 2606 1361 πρόσω,

472 1359 683 1441 κατὰ
723 1360 864 1449 τὴν
910 1361 1452 1467 ἐπὶΚαρινὰς
1494 1368 1916 1454 φέρουσαν
1960 1368 2374 1456 ἕπιτόμον
2413 1369 2605 1441 ὁδὸν

466 1454 765 1549 ὑπεροχῇ
817 1461 1150 1544 σκοτεινὸς
1205 1450 1550 1553 ιδρυμένος
1592 1459 1669 1532 οὗ
1714 1467 1952 1554 μέγας·
2014 1470 2274 1557 λέγεται
2304 1474 2391 1540 δὲ
2435 1475 2604 1540 κατὰ

467 1558 585 1648 τὴν
629 1557 986 1650 ἐπιχώριον
1027 1563 1319 1649 γλῶτταν
1358 1559 1851 1644 Ὑπελαίαις
1891 1565 1966 1649 τὸ
2010 1573 2345 1658 χωρίον.
2430 1578 2602 1642 Nam

469 1662 636 1750 quod
670 1664 1008 1752 Penatium
1049 1685 1177 1731 non
1199 1669 1442 1740 Larum
1466 1670 1767 1754 templum
1808 1670 1914 1736 hic
1956 1674 2315 1762 significari
2356 1695 2399 1742 a
2426 1678 2603 1754 Dio-

464 1770 659 1852 nysio
719 1770 865 1853 quis
918 1770 1256 1836 obiecerit·
1311 1770 1471 1840 nihil
1495 1791 1835 1854 curamus
1923 1775 2208 1841 Primum
2250 1782 2418 1845 enim
2458 1780 2598 1847 Sa-

468 1886 624 1933 crae
658 1867 809 1932 riae
839 1868 1193 1955 descriptio
1225 1890 1266 1935 a
1304 1872 1484 1936 foro
1528 1875 1609 1937 in
1653 1872 2010 1940 Carinas
2051 1877 2382 1944 tendentis
2409 1883 2596 1947 iuxta

427 1969 779 2052 'Varronis
835 1970 1047 2035 locum
1099 1970 1285 2036 modo
1341 1969 1614 2046 allatum
1663 1978 1832 2040 satis
1890 1980 2258 2061 perspicua.
2344 1979 2423 2048 In
2465 1980 2601 2048 hac

395 2054 408 2078 Ὗ
459 2080 681 2138 autem
729 2069 1038 2140 Marmor
1067 2076 1485 2168 Aneyranum
1543 2097 1686 2143 cum
1741 2079 1906 2143 locis
1953 2099 2150 2165 supra
2196 2083 2415 2146 citatis
2460 2082 2589 2149 do-

367 2243 368 2246 ,
462 2182 614 2240 cent
668 2176 964 2240 Larum
1015 2195 1145 2241 non
1186 2178 1562 2260 Penatium,
1634 2181 1743 2263 qui
1789 2178 2049 2265 quidem
2091 2185 2357 2266 proprie
2403 2183 2591 2248 dice-

239 2277 276 2302 ”
328 2307 333 2326 ι
371 2331 373 2334 ,
457 2279 728 2360 bantur,
784 2279 1097 2346 sacellum
1144 2263 1373 2345 fuisse.
1457 2282 1628 2362 Nam
1671 2284 1821 2347 illic
1828 2289 2187 2368 utrumque
2231 2286 2434 2369 probe
2470 2285 2591 2361 di-

415 2429 418 2434 ·
455 2383 807 2476 scernitur:
850 2381 1226 2462 „AEDEM
1254 2380 1573 2448 LARVM
1599 2383 1696 2448 IN
1723 2383 2047 2465 SVMMA
2077 2386 2384 2455 SACRA
2406 2388 2579 2455 VIA.

435 2482 786 2552 .AEDEM
808 2484 1074 2574 DEVM
1106 2483 1577 2563 PENATIVM
1604 2484 1712 2551 IN
1735 2485 2389 2567 VELIA“..De111de
2419 2491 2582 2557 deo·-

298 2644 307 2661 .
351 2608 356 2613 ’
452 2609 593 2654 rum
638 2587 820 2673 ‘apud
862 2589 1251 2672 Dionysium
1289 2605 1635 2685 uumerus
1682 2594 1751 2652 et
1792 2587 2134 2675 habitus
2175 2591 2369 2675 plane
2410 2590 2584 2657 idem

450 2699 584 2775 est,
640 2711 833 2778 quem
874 2693 1116 2756 Larum
1158 2692 1483 2775 proprium
1522 2707 1680 2759 esse
1707 2689 2020 2754 vidimus:
2063 2714 2098 2753 ν
2115 2711 2145 2753 ε
2161 2713 2252 2753 αν
2269 2686 2296 2753 ί
2310 2715 2353 2754 α
2368 2715 2393 2755 ι
2436 2686 2524 2755 δύ
2543 2713 2580 2754 o
2642 2706 2671 2735 ’¹

446 2793 820 2882 καθήμενοι
884 2787 1137 2879 δόρατα
1200 2790 1278 2855 δι
1301 2815 1332 2856 ε
1350 2814 1376 2854 ι
1394 2789 1433 2853 λ
1448 2813 1486 2876 η
1501 2811 1552 2876 φ
1570 2783 1606 2854 ό
1627 2813 1665 2853 τ
1682 2813 1780 2869 εις.
1875 2790 2193 2876 ,Denique
2265 2791 2340 2855 al
2357 2793 2440 2855 ia
2511 2793 2580 2856 in
2638 2822 2643 2827 “

445 2917 489 2961 ν
510 2896 893 2962 eteribus
937 2894 1299 2959 sacellis
1341 2893 1598 2957 multa
1643 2891 1871 2957 horum
1911 2893 2195 2959 Deorum
2232 2894 2581 2959 simulacra
2650 2962 2673 2981 s

444 2997 703 3063 vidisse
760 3012 839 3058 se
890 2972 1259 3075 Dionysius
1315 2997 1577 3071 narrat,
1645 2982 1719 3053 in
1764 2989 2055 3079 omnibus
2111 2994 2328 3053 autem
2365 2990 2578 3054 fuisse
2601 3033 2605 3037 .

444 3102 669 3187 duos
697 3101 971 3167 iuvenes
1012 3096 1361 3197 militari
1393 3093 1682 3157 habitu
1724 3090 1784 3154 h.
1819 3108 1874 3155 e.
1912 3074 2196 3155 cinctu
2233 3087 2573 3157 Gabino.

445 3206 632 3288 Quos
693 3205 841 3290 quis
901 3207 1041 3287 est,
1116 3201 1270 3286 quin
1313 3198 1720 3283 superiorum
1756 3195 2040 3259 locorum
2085 3186 2573 3279 comparatione

438 3310 618 3376 Libr.
661 3307 734 3391 Ι,
777 3325 834 3373 c.
874 3307 957 3371 17
998 3306 1212 3370 Lares
1238 3303 1386 3368 illos
1416 3299 1796 3385 compitales
1826 3316 1985 3366 esse
2019 3298 2314 3371 affirmet.
2401 3301 2574 3364 Nam
2658 3312 2665 3319 ·

434 3413 781 3483 Penatium
834 3411 1209 3481 Troicorum
1267 3403 1500 3491 plura
1551 3403 1802 3470 sacella
1857 3409 2053 3486 atque
2098 3399 2265 3465 adeo
2316 3383 2571 3465 multa

438 3519 649 3585 fuisse
711 3531 1029 3599 nusquam
1103 3512 1587 3596 comperimus.
1618 3509 1780 3589 At,
1832 3524 1916 3571 ue
1976 3507 2252 3590 amplius
2304 3506 2388 3571 de
2445 3505 2571 3581 hac
2670 3606 2673 3609 1

365 3628 370 3633 ’
436 3628 852 3703 utrorumque
894 3617 1214 3679 numinum
1257 3588 1640 3678 confusione
1684 3609 1981 3690 dubites,
2025 3611 2174 3693 ipse
2202 3609 2568 3693 Dionysius

437 3742 604 3809 cap.
609 3723 715 3788 69.
765 3721 1055 3809 Armini,
1099 3714 1494 3796 Callisti-ati,
1553 3712 1786 3797 Satyri
1826 3713 2318 3779 auctoritatibus
2360 3712 2570 3777 obse-

438 3834 628 3896 cutus
697 3829 946 3890 mutata
1017 3823 1234 3907 priore
1305 3819 1634 3882 sententia
1708 3815 2087 3880 Penates
2164 3816 2253 3880 ab
2329 3815 2566 3879 Aenea

379 3930 391 3941 '
429 3934 706 3999 Romam
762 3927 999 3991 allatos
1044 3938 1513 4008 magnorum
1559 3917 1920 3982 Deorum
1971 3918 2293 4003 imagines
2349 3915 2565 3977 fuisse

375 4020 380 4025 ’
431 4037 562 4115 ait,
595 4050 771 4119 quos
808 4028 1207 4094 Graecorum
1233 4024 1513 4088 maxime
1538 4019 2006 4095 Samothraces
2039 4019 2351 4097 colerent,
2396 4032 2562 4099 quos

430 4144 652 4204 tamen
697 4135 983 4220 plures
1042 4128 1360 4194 duobus
1415 4126 1630 4190 fuisse
1670 4108 1880 4194 Varro
1936 4124 2162 4189 auctor
2202 4122 2314 4181 est
2359 4118 2435 4189 L.
2480 4117 2558 4181 L.
2584 4216 2589 4221 ἱ

433 4240 532 4365 V,
576 4237 719 4304 144.
805 4236 899 4301 At
935 4251 1019 4300 ne
1060 4233 1209 4318 ipse
1250 4227 1545 4318 quidem,
1609 4224 1928 4292 candidus
1971 4221 2158 4286 homo
2203 4237 2392 4304 suam
2430 4217 2558 4286 do·-
