3013 4888
453 339 545 408 88
591 358 598 372 x
648 377 664 402 Q

456 488 564 554 dio
632 489 942 571 loquutus
960 509 980 550 ι
1032 533 1076 568 ,,
1094 486 1297 552 Cuius
1349 488 1654 573 ἰιιιῑιιιίιια
1676 534 1696 569 ,
1752 488 1899 568 ait,¹
1936 487 2299 574 „virgines
2356 503 2450 549 sa
2471 504 2607 550 era

458 590 571 661 ilia
616 589 850 654 faturia
867 634 888 669 ,
939 607 1112 674 quae
1155 592 1284 662 iam
1333 596 1470 654 ties
1520 590 1903 673 presserant
1944 590 2043 652 eii
2050 589 2294 666 itates,
2335 604 2481 651 eum
2521 587 2605 651 ab

458 689 567 756 illo
612 685 919 768 incendio
963 687 1233 753 liberari
1262 708 1391 753 non
1422 694 1717 796 possent,
1759 684 2068 756 Metellus
2113 686 2412 771 pontifex
2442 703 2635 776 suae

427 815 436 820 ·
461 788 931 877 quodammodo
974 791 1216 855 salutis
1260 794 1498 857 oblitus
1545 790 1802 858 irruens
1849 808 1941 854 ea
1958 788 2457 870 semiustulatus
2484 790 2613 862 ab-

461 893 732 977 ripuit.
776 894 1072 976 Neque
1152 897 1365 959 enim
1421 916 1464 959 v
1487 895 1564 960 el
1620 896 1885 979 ipsum
1950 893 2176 979 ignis
2236 903 2507 979 agnei
2524 893 2610 955 it:

465 997 660 1060 Aut-
690 1012 891 1059 vero
952 1003 1141 1061 erat
1209 998 1324 1070 ilbi
1385 1015 1677 1061 numen
1736 987 1943 1080 quod
2016 1012 2170 1059 non
2232 996 2480 1076 etiam
2537 994 2615 1056 si

392 1113 410 1135 ι
467 1095 503 1159 f
510 1096 583 1159 ui
600 1115 635 1158 s
651 1115 686 1158 s
703 1081 742 1157 e
758 1100 807 1174 t,
838 1094 872 1158 f
885 1114 919 1156 u
934 1098 1070 1179 gis
1090 1113 1182 1159 se
1201 1099 1287 1161 tf‘
1329 1097 1457 1163 Ubi
1480 1098 1842 1161 novissima
1859 1093 2064 1159 verba
2090 1100 2161 1158 ut
2182 1087 2613 1180 nunelegunss-

470 1187 908 1277 tur-,eorrupta
939 1202 1006 1259 et
1031 1213 1236 1260 sensu
1271 1200 1576 1263 carentia
1609 1198 2121 1281 transpositione
2149 1194 2616 1259 vocabulorum

470 1296 733 1381 levique
763 1298 955 1363 unius
984 1303 1342 1365 mutatione
1378 1300 1600 1365 facilia
1629 1298 1877 1363 reddas
1913 1310 1980 1362 et
2006 1297 2223 1381 plana.
2299 1295 2418 1363 Sic
2449 1298 2616 1359 enim

476 1412 752 1480 repone:
799 1390 1080 1482 „Neque
1107 1402 1279 1464 enim
1314 1401 1416 1473 tel
1460 1404 1673 1485 ipsum
1701 1401 1849 1480 [int.
1876 1398 2197 1478 numen)
2179 1398 2358 1483 ignis
2400 1414 2619 1483 agno-

451 1498 607 1579 vit,
650 1504 798 1562 aut
806 1519 932 1564 non
982 1521 1208 1566 terum
1252 1506 1341 1568 ibi
1388 1511 1532 1588 erat
1571 1521 1847 1579 numen,
1913 1499 2081 1585 quod
2142 1501 2399 1564 etiamsi
2443 1501 2619 1563 fuis-
2682 1571 2687 1577 ,

480 1605 623 1679 set
677 1600 1028 1686 fugisset“.
1119 1604 1259 1672 Aut
1314 1608 1483 1678 enim
1534 1606 1954 1692 Augustinus
2013 1602 2343 1690 significat
2398 1620 2621 1666 eorum

478 1702 882 1785 opinionem,
948 1706 1057 1788 qui
1114 1706 1291 1774 nulla
1337 1707 1688 1771 simulacra
1731 1723 1856 1791 nee
1895 1707 2024 1770 nisi
2072 1704 2247 1769 dolia
2292 1721 2504 1768 ianua
2553 1704 2621 1766 in

480 1805 719 1887 templo
762 1826 872 1870 ini
879 1814 1034 1873 enta
1077 1829 1238 1902 esse
1287 1815 1682 1893 narrabant,
1745 1819 1860 1877 aut
1915 1814 1981 1875 in
2044 1813 2419 1904 ιιιιίιθιειιιιι
2465 1806 2624 1873 illud

379 1919 384 1930 ¹
455 1920 709 1967 *verum
751 1924 989 1971 numen
1034 1926 1194 1972 esse
1230 1914 1549 1995 potuisse
1578 1918 1819 1997 negat,
1873 1908 2046 1996 quod
2111 1912 2369 1993 ipsum
2381 1928 2459 1973 se
2518 1911 2628 1973 iu-

481 2025 648 2073 vare
689 2028 828 2074 nen
846 2009 1198 2095 potuisset
1287 2014 1489 2081 Solus
1526 2016 1800 2080 Tacitus
1843 2019 2104 2077 contra
2104 2013 2343 2076 afferri
2378 2015 2626 2104 possit,

2631 347 2659 359 ἒ

487 2095 600 2195 qui
638 2112 872 2177 Annal.
916 2114 1087 2199 XV,
1132 2117 1257 2200 41,
1317 2120 1380 2183 in
1424 2120 1802 2183 Neroniano
1840 2109 2184 2181 incendio:
2242 2116 2661 2197 ‚,Numae“„

486 2214 729 2297 inquit,
786 2219 1030 2304 „regia
1076 2225 1144 2283 et
1204 2219 1638 2285 delubrum
1694 2219 2017 2283 Vestae
2071 2236 2241 2282 eum
2288 2215 2631 2280 Penati-

423 2323 425 2326 ’
489 2312 644 2378 bus
687 2313 997 2397 Populi
1040 2320 1395 2385 Romani
1461 2320 1834 2383 exusta“.
1924 2318 2166 2382 Verum
2212 2315 2363 2380 huie
2408 2317 2634 2381 obstat

490 2413 712 2498 templi
752 2421 1316 2508 commemoratio,
1341 2419 1512 2504 quod
1538 2418 1898 2483 Penatibus
1929 2416 2307 2504 singulatim
2348 2418 2426 2481 in
2464 2417 2633 2481 Ve-

473 2515 608 2582 =lia
653 2516 1026 2584 dedicatum
1069 2522 1284 2586 fuisse
1336 2522 1716 2587 testimonia
1757 2521 1927 2585 omni
1969 2516 2347 2604 suspicione
2386 2521 2635 2586 maiora
2740 2516 2745 2517 ⁷

495 2620 825 2687 evincunt.
914 2614 1353 2710 Inter'quae·
1384 2625 1742 2691 Marmor
1785 2623 2349 2707 Aneyranum,
2401 2623 2635 2687 Livius

492 2729 846 2805 praeterea
883 2724 1114 2809 XLV,
1143 2729 1278 2810 216,
1339 2736 1407 2795 et
1450 2732 1509 2792 si
1555 2729 1723 2793 tanti
1780 2732 1920 2808 est,
1979 2723 2189 2792 Solin.
2233 2724 2309 2788 2-
2355 2723 2467 2790 Ε.
2527 2725 2668 2790 De.

469 2824 736 2923 ‘quibus
779 2833 844 2890 et
898 2826 982 2891 de
1020 2831 1241 2915 templi
1281 2832 1448 2917 situ
1461 2837 1531 2895 et
1571 2836 1808 2894 natura
1850 2829 2023 2891 infra
2068 2845 2216 2911 cap.
2258 2826 2365 2890 20.
2430 2828 2638 2912 pluri-

415 2938 434 2945 *
498 2927 624 2990 bus
668 2928 1010 2995 dicendum
1054 2937 1196 2996 erit.
1282 2914 1432 2999 'Hoc
1471 2935 1601 2997 illis
1632 2935 1806 3013 Diis,
1849 2940 2177 3015 tamquam
2207 2931 2481 2996 alterum
2508 2934 2639 2999 Ur·
2708 2958 2711 2961 ·
2756 2924 2763 2928 ⁴

502 3014 606 3092 bis
649 3030 966 3113 penetral,
1011 3039 1325 3116 separato
1368 3051 1410 3098 a
1453 3036 1705 3100 Vestae
1748 3034 1922 3099 cultu
1966 3033 2403 3097 constitutum.
2488 3018 2638 3100 Ita-

505 3149 633 3213 que
675 3136 973 3216 quamtis
1020 3132 1104 3199 de
1149 3134 1275 3200 hae
1311 3138 1483 3220 ipsa,
1530 3155 1723 3221 quam
1772 3120 2054 3200 diximus
2082 3134 2425 3199 Penatium
2468 3135 2640 3202 aede

504 3230 969 3301 Tacitiloeum
1016 3246 1161 3302 eum
1205 3239 1466 3323 Heynio
1514 3236 1723 3320 (Exc.
1768 3235 1893 3302 lx.
1939 3236 2026 3303 ad
2069 3239 2254 3325 Virg.
2297 3224 2481 3302 Aeni*
2513 3236 2643 3320 ΙΙ.)

504 3335 924 3421 interpetrari
991 3359 1117 3406 nee
1171 3346 1501 3425 possimus
1563 3359 1686 3406 nee
1733 3339 2033 3422 velimuS,
2086 3336 2305 3404 tamen
2362 3336 2521 3411 nihi}
2563 3354 2685 3403 eo·

508 3435 943 3507 demonstrari
989 3446 1134 3526 aio,
1176 3446 1307 3509 nisi
1345 3443 1715 3530 ¹penetralia
1755 3443 1892 3525 illa,
1939 3443 2239 3526 quamvis
2284 3439 2644 3504 Penatibus

391 3520 446 3595 Χ,
508 3539 595 3602 iis
608 3541 638 3620 ,'
703 3545 811 3625 qui
876 3548 1133 3627 proprie
1195 3546 1613 3628 dicebantur,
1683 3564 1814 3609 non
1873 3541 2212 3623 dedicata,
2284 3541 2669 3606 Penatibus*
2766 3533 2775 3545 ⁵

425 3684 428 3685 ν
512 3643 764 3707 οιιιιιῑιιο
806 3662 1037 3708 carere
1079 3666 1209 3710 non
1254 3652 1571 3730 potuisse.
1659 3646 1807 3712 Hoc
1870 3648 2068 3741 etiam
2110 3644 2480 3728 Dionysius
2538 3645 2648 3708 vi-

466 3810 482 3817 ,
517 3740 704 3805 detur
746 3743 1075 3827 indicare,
1120 3749 1238 3831 qui
1271 3746 1394 3811 hoc
1431 3749 1573 3811 loeo
1618 3748 1905 3811 caeteris
1950 3748 2203 3825 cautior
2247 3743 2649 3829 quaedam

512 3839 935 3911 Troianorum
979 3867 1314 3914 sacrorum
1359 3845 1468 3929 (ὲκ
1511 3847 1640 3910 τῶν
1685 3844 1753 3911 ἐν
1778 3845 2227 3938 Σαμοθράκῃ
2255 3842 2447 3932 ιερῶν
2489 3864 2647 3924 ¹uoc-

511 3939 634 4029 ρὰν
675 3944 961 4027 11,66.]
1009 3952 1073 4013 in
1125 3950 1381 4015 Vestae
1441 3951 1736 4015 sacrario
1803 3949 2068 4015 condita
2125 3963 2283 4012 esse
2340 3946 2453 4009 ait.
2541 3944 2677 4009 Ae·

511 4050 778 4130 primum
843 4051 1103 4135 quidem
1158 4053 1370 4117 Vesta
1432 4054 1621 4135 ipsa,
1697 4054 1760 4116 si
1817 4052 1983 4131 ulla,
2053 4044 2417 4133 penetralis
2476 4044 2648 4109 Dea.

516 4148 708 4213 Hane
772 4151 1045 4239 diserte,
1082 4155 1434 4243 penatibus
1492 4153 1987 4218 adnumeratam
2044 4166 2204 4215 esse
2258 4145 2649 4212 videbimus

518 4251 753 4351 Neque
798 4260 1016 4333 tamen
1069 4254 1260 4321 haee-
1294 4256 1425 4321 ulla
1463 4255 1608 4320 ‘sub
1642 4253 1875 4340 effigie
1921 4251 2134 4335 culta,
2190 4268 2418 4338 puram
2478 4243 2650 4339 enini
