3013 4888
2458 373 2548 439 93

394 528 601 605 nates
646 521 769 589 coli
808 521 938 602 ait,
980 534 1221 595 revera
1262 518 1556 605 Populi
1596 519 1941 585 Romani
1983 525 2372 603 penates,
2405 520 2474 587 h
2500 541 2557 591 e.

408 626 519 691 Dii
554 627 621 689 in
674 625 860 689 urbis
916 623 1365 707 penetralibus
1415 621 1570 687 culti
1614 621 1933 687 tutelares
1967 621 2180 730 erbis
2223 630 2292 689 et
2307 629 2556 711 gentis

404 728 685 807 fuerint,
736 732 1062 811 quatenus
1118 724 1286 791 haec
1344 722 1639 789 eiusdem
1698 725 1978 812 originis
2037 742 2198 805 esse
2240 731 2309 807 et
2366 732 2559 795 unam

370 824 878 924 (quodammodo
920 816 1230 896 familiam
1276 825 1544 890 efficere
1598 823 2001 890 crederetur.
2100 822 2193 891 Hi
2236 829 2404 892 enim
2448 832 2565 915 qui
2685 892 2686 899 ,

408 930 652 994 fuerint
668 974 691 1009 ,
745 929 811 995 in
854 927 1028 992 cultu
1073 928 1355 992 obscuro
1414 942 1808 1011 semperque
1851 927 2148 1011 profanis
2190 929 2402 994 oculis
2446 948 2561 995 re-

411 1039 617 1112 moto,
688 1028 797 1093 rel
865 1024 1289 1097 doctissimus
1360 1022 1642 1113 quisque
1693 1031 2132 1094 Romanorum
2197 1030 2559 1098 dubitabat.

409 1130 689 1199 Vestam
712 1138 931 1198 tamen
958 1133 1260 1217 quamvis
1290 1132 1627 1215 separatis
1665 1133 1884 1196 sacris
1927 1130 2189 1213 cultam,
2230 1133 2402 1198 inter
2439 1151 2560 1199 eos

412 1236 628 1299 fuisse
659 1252 745 1298 ex
784 1232 888 1297 his
925 1235 1363 1323 argumentis
1381 1238 1619 1317 sponte
1652 1235 1985 1317 sequitur,
2026 1251 2178 1298 nam
2204 1240 2273 1299 et
2317 1233 2402 1305 de
2434 1254 2564 1298 nu-
2608 1297 2613 1304 ,

415 1353 594 1415 mero
636 1332 1025 1401 'coelestium
1057 1339 1224 1415 erat,
1268 1341 1336 1398 et
1360 1335 1427 1397 iu
1457 1333 1907 1425 penetralibus
1934 1334 2300 1416 colebatur,
2343 1342 2417 1401 ut
2454 1334 2565 1399 di-

416 1428 625 1503 sertis
677 1436 899 1501 verbis
962 1433 1262 1500 traditur.
1319 1431 1564 1518 Interp.
1630 1433 1815 1497 Lion.
1872 1431 1960 1497 ad
2006 1433 2085 1499 V.
2134 1434 2217 1498 A.
2257 1433 2361 1515 11,
2407 1430 2563 1514 295,

416 1547 486 1604 et
526 1535 1042 1619 Macrob.11,4.
1135 1534 1264 1616 Qui
1308 1543 1527 1600 autem
1572 1533 1905 1600 doctiores
1950 1538 2239 1602 caeteris
2283 1536 2414 1603 ‘sibi
2455 1539 2565 1603 vi-
2596 1546 2610 1557 ‘
2693 1588 2698 1591 -

417 1639 764 1716 debantur,
812 1638 1035 1702 horum
1083 1639 1222 1715 alii,
1268 1636 1610 1725 Etruscos
1635 1640 1745 1702 et
1729 1639 1857 1721 ipsi
1887 1641 2173 1723 sequuti,
2213 1637 2354 1704 XII
2384 1638 2568 1705 Con-

419 1748 652 1807 sentes
704 1743 853 1807 sire
909 1737 1281 1825 Complices
1339 1756 1457 1804 eos
1518 1757 1678 1805 esse
1723 1739 2128 1823 credebant,
2188 1739 2274 1806 de
2330 1742 2567 1827 quibus

420 1842 666 1914 Arnob.
708 1840 750 1905 l.
792 1838 833 1905 l.
881 1839 1091 1921 „Hos
1136 1845 1492 1931 consentes
1539 1845 1609 1905 et
1654 1837 2024 1926 Complices
2071 1840 2343 1907 Etrusci
2388 1844 2571 1909 aiunt

348 1972 356 1989 x
421 1952 490 2011 et
531 1944 899 2023 nominant,
935 1940 1137 2031 „quod
1182 1959 1315 2006 una
1356 1942 1685 2024 oriantur,
1746 1949 1815 2008 et
1865 1942 2170 2009 occidant
2221 1961 2385 2026 una,
2441 1944 2574 2010 sei

418 2065 640 2112 mares
667 2044 939 2111 totidem
967 2034 1336 2110 foeminas“
1376 2045 1516 2109 rell.
1578 2043 1790 2125 Quem
1829 2044 2040 2110 locum
2082 2048 2246 2110 mire
2293 2054 2364 2111 et
2399 2065 2571 2131 pae-
2643 2074 2656 2079 -

420 2168 505 2219 ne
566 2147 837 2215 ridicule
892 2150 1171 2217 vexavit
1226 2147 1500 2211 Forcell.
1561 2147 1729 2210 Lex,
1786 2166 1845 2211 s.
1906 2167 1969 2212 v.
1954 2193 2007 2229 .,
2082 2149 2276 2233 quasi
2333 2149 2584 2231 Varro,

429 2253 538 2336 qui
582 2249 771 2314 modo
812 2249 1156 2314 Penatium
1190 2266 1526 2313 numerum
1568 2250 1809 2315 nesciri
1849 2247 2144 2332 dixerat,
2187 2269 2378 2335 quum
2419 2257 2575 2316 sta-

423 2357 542 2420 tim
584 2368 912 2428 numerum
957 2349 1098 2416 XII
1142 2349 1411 2416 deorum
1458 2349 1769 2433 adderet,
1831 2348 2109 2442 egregie
2153 2354 2299 2438 ipse
2341 2346 2572 2425 secuta

427 2455 807 2526 dissideret.
895 2455 1032 2521 Alii
1072 2456 1182 2540 qui
1223 2453 1582 2541 Phrygiam
1634 2457 1860 2543 gentis
1921 2458 2245 2543 originem
2296 2455 2575 2524 demon-

428 2561 648 2621 strare
674 2636 678 2642 Ι
704 2553 981 2640 vellent,
1040 2551 1539 2630 samothracios
1590 2554 1875 2644 Magnos
1917 2553 2105 2619 Deos
2164 2572 2208 2618 a
2257 2554 2575 2622 Dardano

429 2659 697 2728 Troiam
737 2653 1059 2719 advectos
1106 2652 1468 2736 docebant,
1516 2673 1681 2739 quos
1721 2657 1996 2721 Aeneas
2041 2661 2195 2740 post
2242 2655 2574 2723 excidium

428 2761 686 2846 patriae
728 2757 1046 2845 profugus
1082 2758 1275 2822 Latio
1316 2756 1669 2822 intulisset.
1757 2755 1878 2823 Sic
1913 2758 2142 2824 Varro.
2168 2758 2209 2823 l.
2250 2759 2425 2824 infra
2466 2757 2577 2824 al-

430 2862 603 2942 lato,
667 2858 949 2950 Cassius
991 2858 1275 2923 Hemina
1319 2877 1423 2944 ap.
1466 2851 1661 2925 Serti
1708 2861 1875 2925 Aen.
1920 2857 1976 2942 I,
2008 2859 2156 2926 378.
2241 2861 2391 2927 Hoc
2443 2879 2577 2925 au-

429 2967 563 3033 tem
590 2965 1041 3047 argumentum
1067 2959 1420 3042 praecipue
1448 2967 1837 3044 persecutus
1867 2965 1977 3025 est
2003 2960 2346 3048 virgilius,
2387 2979 2580 3046 quem

433 3047 773 3153 „penates
802 3069 871 3127 et
907 3056 1186 3149 magnos
1215 3060 1448 3130 Deos“
1488 3061 1932 3148 appellantem
1975 3069 2133 3127 nota
2173 3063 2448 3128 formula
2488 3063 2580 3127 il-

432 3171 562 3236 lam
605 3168 946 3233 Penatium
1003 3173 1306 3231 naturam
1348 3163 1644 3231 indicare
1696 3152 2094 3249 interpretes
2140 3168 2392 3249 passim
2445 3164 2582 3229 ad-

213 3225 223 3234 *
282 3243 287 3248 ’
346 3273 349 3276 ·
433 3273 762 3334 notarunt.
854 3266 954 3332 cf.
1012 3266 1102 3332 aa
1146 3267 1319 3331 Aen.
1367 3265 1438 3345 1,
1481 3266 1630 3332 378.
1675 3264 1777 3346 ιι,
1818 3263 2145 3343 322111,
2194 3266 2364 3329 146..
2405 3264 2618 3331 Aua.-

437 3368 738 3436 Graecos
809 3366 1261 3433 Callistratum
1332 3364 1649 3452 Satyrum
1722 3367 2068 3432 Aratinum
2137 3384 2242 3452 ap.
2297 3366 2584 3452 Dionys.

437 3470 590 3538 Hal.
632 3468 690 3551 Ι,
717 3466 813 3536 68,
851 3485 953 3551 sq.
1039 3466 1305 3550 Atticus
1349 3469 1577 3530 contra
1607 3465 1669 3529 si
1704 3482 1849 3530 eum
1889 3462 2303 3562 dissensisse
2329 3482 2375 3530 a
2404 3466 2585 3531 Var-
2671 3543 2678 3546 Α

438 3589 602 3637 rone
645 3569 987 3654 interpreti
1032 3569 1400 3636 Veronensi
1441 3566 1530 3632 ad
1590 3566 1777 3654 Virg.
1821 3568 1994 3632 Aen.
2033 3564 2140 3648 11,
2181 3567 2331 3631 717.
2388 3567 2584 3634 fidem

402 3669 783 3757 ,habemuffi
826 3677 1012 3736 recta
1055 3688 1143 3734 ex
1188 3667 1647 3742 Samothracia
1691 3671 1760 3733 in
1786 3666 2046 3740 Italiam
2093 3668 2220 3732 ἀει
2226 3673 2410 3733 ectos
2441 3669 2582 3736 Pe—
2713 3689 2726 3708 s

308 3826 317 3835 .
440 3779 636 3840 nates
675 3772 942 3837 rettulit.
987 3770 1088 3837 Cf.
1133 3789 1335 3857 supra
1376 3769 1462 3835 de
1497 3772 1674 3836 Aen.
1699 3769 1959 3834 Penatt.
1992 3786 2047 3833 c.
2084 3769 2132 3832 9
2175 3773 2244 3833 et
2275 3767 2420 3858 14.
2447 3771 2584 3836 Alii

442 3878 763 3963 denique,
806 3883 878 3942 ut
918 3875 1203 3942 Caesius
1239 3894 1344 3961 ap.
1386 3876 1631 3941 Arnob.
1672 3873 1714 3939 l.
1760 3873 1801 3937 l.
1847 3864 2191 3956 „quatuor,
2230 3853 2586 3938 Fortunam

444 3987 513 4046 et
558 3978 900 4062 Cererem,
941 3974 1221 4056 Genium
1261 3976 1591 4042 Jovialem
1608 4024 1628 4058 ,
1690 3993 1771 4041 ac
1814 3974 2085 4039 Palem“
2126 3991 2293 4058 quos
2336 3977 2584 4042 omisso

447 4081 658 4160 Genio
702 4083 971 4156 Joviali
997 4083 1195 4146 etiam
1237 4080 1436 4148 Serv.
1482 4079 1573 4147 ad
1618 4082 1699 4148 V.
1744 4081 1826 4146 A.
1871 4076 2147 4163 11,325.
2193 4096 2587 4158 commemo-

447 4191 591 4266 rat,
627 4203 788 4251 esse
832 4184 1262 4260 tradiderunt.
1351 4173 1445 4267 Et
1487 4181 1552 4246 hi
1614 4181 1911 4267 quidem,
1970 4180 2497 4280 qualescunque
2514 4191 2587 4250 et

392 4325 400 4330 ·
448 4292 763 4372 quotquot
803 4293 992 4374 sunt,
1033 4287 1093 4354 V
1094 4292 1246 4360 esta
1288 4291 1609 4371 excepta,
1648 4281 1753 4350 eui
1790 4284 2148 4372 singularis
2194 4273 2414 4371 templi
2455 4284 2584 4384 ho-
