3013 4888
2347 262 2674 391 R-

373 480 625 547 Plinius
666 487 984 567 memorat
1026 516 1114 529 —
1168 484 1238 544 et
1276 477 1421 559 iam*
1456 482 1613 543 tunc
1669 494 1953 544 coronae
1990 476 2272 543 deorum.
2301 476 2542 544 honos-

375 590 562 649 erant
618 590 709 650 -et
762 585 1032 650 Larium
1085 581 1484 668 publicorum
1559 582 2088 665 privatorumque
2144 598 2226 645 ac
2277 582 2508 667 sepul-
2601 606 2616 611 2

374 704 629 751 crorum
672 692 742 752 et
764 686 1057 752 Manium
1100 720 1186 732 —
1223 683 1371 747 luce
1414 681 1657 755 clarius
1699 680 1827 748 hoc
1865 684 2033 749 ritus
2072 678 2336 766 quidam
2381 681 2508 747 de-
2552 732 2600 760 ,-

369 795 716 870 monstrat,
756 805 949 874 quem
977 787 1357 852 Macrobius
1388 783 1535 850 Sat.
1572 784 1626 866 Ι,
1648 785 1710 847 7.
1751 785 1853 850 sic
1885 782 2233 850 describit:
2270 782 2564 866 „Qua-2..

268 954 269 957 ,
372 890 499 957 lem
559 909 753 956 nunc
804 891 1343 976 permutationem
1398 874 1707 953 sacrificii
1764 889 2174 968 memorasti,
2243 889 2534 953 invenio-

371 1000 613 1077 postea
651 991 1122 1079 Compitalibus
1165 990 1602 1067 celebratam,
1646 1009 1791 1055 cum
1829 989 1964 1056 ludi
2008 1007 2128 1077 per
2163 965 2408 1055 urbem
2436 993 2534 1055 in-

371 1098 671 1181 compitis
723 1094 1182 1183 agitabantur,
1235 1095 1523 1158 restituti
1566 1093 1825 1160 scilicet
1874 1111 1917 1157 a
1955 1094 2314 1177 Tarquinio
2360 1091 2538 1158 Su-e·
2599 1166 2606 1173 ⁸

369 1199 575 1282 pei-bo
617 1199 903 1264 Laribus
954 1213 1036 1262 ac
1076 1196 1345 1272 Maniae
1403 1212 1493 1260 ex
1544 1213 1871 1280 responso
1913 1194 2318 1278 Appollinis,
2376 1214 2502 1278 quo

369 1307 791 1389 praeceptum
847 1305 993 1383 est,
1060 1305 1134 1365 ut
1201 1310 1317 1383 pro
1393 1299 1720 1383 capitibus
1778 1299 2282 1384 supplicaretur.
2383 1295 2504 1362 Id·
2599 1328 2606 1333 ·

286 1396 295 1411 ¹
369 1421 497 1487 que
536 1402 931 1488 aliquamdiu
977 1402 1428 1483 observatum,
1473 1407 1545 1467 ut
1584 1420 1701 1487 pro
1744 1400 2133 1467 familiarum
2177 1394 2536 1484 sospitate}

363 1503 551 1586 pueri
610 1509 1058 1568 mactarentur
1112 1496 1381 1568 Maniae
1430 1501 1625 1566 Deae
1661 1503 1873 1575 jmatri
1928 1501 2213 1571 Larium.
2312 1496 2503 1579 Quod

363 1603 671 1670 sacrificii
742 1623 962 1693 genus
1029 1603 1265 1670 Iunius
1316 1603 1563 1671 Brutus
1628 1605 1980 1688 Tarquinio
2051 1603 2240 1688 pulso
2311 1600 2505 1665 aliter
2635 1658 2642 1663 ,

362 1707 704 1771 constituit
734 1704 1216 1772 celebrandum.
1301 1706 1477 1770 Nam
1511 1706 1835 1789 capitibus
1863 1706 1999 1770 allii
2041 1710 2113 1777 et
2146 1705 2501 1789 papaveris

214 1830 239 1845 .
292 1816 297 1821 '
363 1806 720 1892 supplicari
776 1809 1001 1877 iussit:
1055 1841 1143 1851 —-
1193 1806 1571 1891 factumque
1613 1814 1723 1873 est
1745 1854 1764 1888 ‚
1820 1813 1893 1872 ut
1933 1806 2198 1895 effigies
2235 1806 2502 1873 Maniae
2561 1833 2587 1867 s

248 1984 259 1999 ΔΝ
361 1916 740 1994 suspensae
784 1929 900 1995 pro
943 1909 1349 1998 singulorum
1382 1910 1669 1992 foribuS,
1712 1909 2067 1995 periculum
2108 1908 2330 1994 siquid
2373 1912 2501 1975 im&¹

360 2015 635 2078 mineret
670 2013 1362 2100 familiis‘expiarent:
1417 2013 1745 2100 ludosque
1787 2015 1974 2099 ipsos
2017 2031 2104 2078 ex
2143 2016 2274 2079 viis
2317 2032 2503 2078 com-

360 2116 640 2198 pitorum
708 2116 775 2181 in
834 2115 1072 2200 quibus
1137 2115 1600 2204 agitabantur,
1690 2113 2088 2198 Compitalia
2145 2114 2502 2199 appellita-

361 2217 677 2281 verunt.“
785 2218 958 2283 Nam
1028 2210 1200 2302 quod
1288 2218 1616 2309 capitibus
1687 2217 1897 2281 solum
1969 2215 2324 2300 supplicari
2388 2216 2497 2280 fas

358 2317 741 2400 ruisse‘ait,
800 2321 946 2404 quis
993 2318 1115 2385 hoc
1172 2318 1259 2386 ad
1316 2322 1654 2405 antiquam
1717 2319 2121 2404 piaculorum
2167 2320 2499 2404 supersti-

360 2421 604 2488 tionem
643 2422 895 2489 referre
930 2422 1380 2507 dubitaverit,
1422 2441 1572 2509 qua
1622 2442 1741 2510 pro
1797 2421 2125 2502 damnatis
2173 2420 2498 2494 hominum

362 2525 690 2608 capitibus
733 2527 1137 2592 victimarum
1181 2530 1402 2611 capita
1431 2528 1742 2591 substitui
1785 2543 1992 2610 posse
2031 2527 2498 2590 existimaren-
2553 2609 2556 2614 μ

358 2630 487 2706 tur.
578 2623 752 2705 Quid
803 2624 1018 2691 enim?
1106 2626 1185 2693 Si
1241 2629 1511 2713 singula
1564 2626 1891 2692 hominum
1947 2629 2168 2711 capita
2211 2627 2496 2714 singulis

317 2743 323 2748 ·
360 2728 631 2800 aliorum
686 2732 1011 2815 capitibus
1048 2730 1381 2817 expianda
1422 2738 1630 2798 erant
1673 2767 1760 2780 —-
1807 2731 1936 2798 boc
1989 2734 2160 2798 enim
2202 2734 2499 2800 voluisse
2515 2803 2530 2826 Ι,

360 2847 696 2894 sacrorum
735 2832 1012 2908 istorum
1054 2834 1484 2918 interpreteS,
1544 2841 1612 2910 et
1652 2833 1761 2899 hic
1793 2836 1940 2920 ipse
1981 2833 2206 2907 locus,
2248 2840 2318 2898 et
2357 2827 2499 2898 Fe-‘

360 2938 510 2996 stus
552 2950 609 2995 s
640 2950 700 2995 ι.
726 2932 948 3015 Pilae,
993 2951 1187 3018 quem
1224 2935 1397 3000 infra
1426 2935 1815 3012 citabimuS,
1858 2933 2156 3001 declarat
2192 2971 2278 2984 -·
2320 2935 2495 3002 unde

357 3031 684 3098 hominum
725 3035 1065 3104 multitudo
1108 3043 1527 3123 suppeteret,
1572 3059 1845 3134 quorum
1881 3056 2145 3124 semper
2185 3057 2494 3108 uumerus
2533 3047 2544 3090 ῑ
2607 3109 2612 3114 1

248 3147 261 3158 ‘
357 3136 825 3219 supeistitibus
864 3157 986 3224 par
1022 3141 1428 3223 immolatuS,
1470 3162 1628 3206 mox
1670 3158 1922 3207 omnem
1950 3143 2315 3207 Romanum
2358 3143 2498 3207 Po·
2537 3175 2545 3186 1

355 3238 575 3334 pulum
618 3248 1079 3308 consumturus
1134 3260 1207 3307 ei
1210 3250 1298 3309 at
1389 3242 1548 3345 Quo
1578 3243 1932 3312 absurdius
1972 3242 2325 3327 quidquam
2365 3242 2497 3306 fin-
2535 3281 2540 3288 ι

356 3344 431 3426 gi
468 3359 673 3425 posse
717 3360 1060 3429 negamus.
1147 3347 1319 3408 Nam
1355 3348 1698 3428 quominus
1742 3345 2150 3427 captivorum
2184 3348 2299 3408 aut
2341 3361 2496 3408 ser·
2610 3424 2616 3434 .

364 3459 590 3519 iorum
639 3439 954 3505 caedibus
1011 3446 1345 3526 perpetuis
1391 3446 1576 3508 cives
1631 3444 1713 3509 ab
1758 3443 2109 3510 inferorum
2161 3450 2497 3529 potestate

316 3541 732 3606 -vindicatos
803 3559 963 3607 esse
1031 3546 1177 3628 quis
1240 3547 1539 3618 obiiciat:
1620 3548 1750 3633 ipsi
1813 3548 1994 3612 servi
2050 3548 2262 3613 simili>
2299 3548 2538 3634 plane-

356 3643 547 3709 modo
604 3646 858 3729 expiati
915 3654 1088 3742 sunt<
1198 3649 1672 3738 Imagunculae
1727 3652 1930 3740 igitur
1980 3651 2184 3717 Deae·
2223 3651 2494 3717 Maniae

292 3749 299 3760 '
358 3744 421 3810 h.
465 3762 525 3810 e.
571 3745 748 3831 apud
781 3748 1033 3816 inferos
1066 3756 1317 3836 potenti
1354 3751 1526 3819 dicis
1570 3771 1776 3820 causa
1810 3764 2218 3839 suspensae,
2260 3761 2330 3819 ut
2370 3773 2492 3839 per

357 3846 484 3914 has
524 3849 789 3916 funesto
848 3853 1090 3917 numini
1145 3859 1315 3922 satis
1356 3856 1579 3937 fieret,
1636 3859 1894 3924 animae
1931 3864 2150 3922 autem
2195 3863 2490 3928 mortuo-

358 3971 496 4015 rum
539 3949 792 4018 inferno
832 3955 957 4018 iuri
995 3960 1258 4042 proprie
1298 3956 1609 4026 addictae
1647 3959 1773 4024 hoc
1810 3962 2194 4044 interposito
2233 3962 2488 4044 piaculo

242 4106 257 4112 -
357 4073 619 4126 sursum
675 4058 1175 4123 remitterentur.
1264 4058 1452 4140 Quod
1512 4065 1819 4147 quoniam
1864 4064 2176 4148 imprimis
2219 4060 2490 4147 Compi·
2535 4089 2542 4092 “
2607 4065 2612 4070 ’

359 4157 600 4238 talibus
651 4161 866 4228 sacris
923 4160 1170 4226 factum
1214 4161 1831 4248 animadvertimus,
1872 4166 2087 4230 Lares
2130 4166 2489 4249 praestites
2532 4211 2539 4217 -

359 4262 428 4346 et
463 4256 864 4345 Compitales
905 4266 1072 4350 ipsi,
1115 4259 1384 4352 quorum
1425 4267 1494 4333 iu
1522 4264 1833 4336 bonorem
1875 4267 1944 4334 bi
1978 4267 2116 4336 ludi
2158 4267 2495 4349 celebrati,
