3013 4888
2429 332 2561 397 111·
2612 336 2617 344 '

413 455 648 555 sacer,
695 483 924 542 contra
965 477 1072 541 v'ia
1116 492 1314 540 sacra
1358 474 1779 542 dextrorsum,
1808 485 1887 543 fet
1926 462 2372 548 sinistrorsum
2397 490 2551 549 ten-'

420 582 651 665 debat,
701 584 795 647 ita
839 588 914 647 ut·
954 581 1067 645 ilia
1108 586 1299 665 porta
1342 581 1425 644 ab
1466 582 1782 648 inferiore
1819 590 2003 667 parte
2046 586 2384 652 clauderet
2427 589 2552 652 cli-1·
2619 571 2622 578 ⁴

415 705 604 766 vum,
663 704 793 749 non
835 702 884 747 a*
918 684 1557 768 summainciperet.
1664 686 1972 770 Alioquin
2035 692 2202 752 enim
2247 689 2557 774 templum

414 787 611 866 ,Iovis
650 786 943 854 Statoris
984 790 1048 850 in
1094 805 1340 851 summo
1359 788 1607 851 'Palatii
1649 792 2052 876 margineet
2091 809 2247 855 arce
2273 795 2551 877 positum

415 891 632 955 fuisse
676 879 1210 974 necesse'esset.
1300 886 1488 968 Quod
1536 895 1606 953 ut
1649 909 1788 954 cum
1818 881 2258 977 descriptione
2288 901 2550 983 pugnae

333 977 336 990 Ἰ
418 986 717 1072 Sabinae
771 987 947 1073 apud
987 990 1248 1052 Livium
1292 986 1395 1069 (Ι,
1437 988 1572 1068 12.)
1629 994 1991 1057 consociari
2036 1000 2163 1057 non
2206 1002 2426 1079 potest
2467 1021 2551 1042 -a

419 1091 739 1177 quomodo
798 1094 968 1156 enim
1009 1094 1290 1158 Romani
1333 1098 1540 1158 totum
1584 1094 1819 1158 clivum
1865 1104 2221 1184 angustum
2257 1100 2548 1181 profecto

421 1199 491 1257 et
529 1195 732 1279 probe
773 1195 1083 1257 munitum
1128 1213 1406 1258 sursum
1431 1194 1859 1281 fugarentur?
1901 1233 1990 1243 --
2030 1201 2124 1261 ita
2166 1207 2391 1262 nostra
2435 1190 2549 1262 ττι-ὲ
2588 1258 2595 1274 ,

416 1300 510 1362 tio
563 1315 708 1362 cum
762 1298 1024 1380 antiquo
1078 1313 1269 1361 arces
1327 1295 1804 1361 cummuniendi
1858 1316 2039 1363 more
2068 1301 2333 1382 ,optime
2387 1317 2546 1363 con-

417 1401 613 1488 gruit.
702 1397 873 1465 clivi
927 1401 1097 1463 enim
1137 1396 1577 1463 ¹circumducti
1635 1400 1905 1465 collibus
1951 1402 2034 1465 ab
2080 1401 2394 1465 alterutra
2439 1408 2553 1465 aut

416 1504 503 1567 ab
558 1508 836 1587 utraque
878 1503 1066 1587 part'e
1111 1507 1179 1565 et
1215 1520 1466 1565 summa
1513 1495 1578 1567 et
1615 1503 1830 1567 infima
1869 1506 2073 1588 portis
2110 1505 2318 1568 clausi
2363 1510 2551 1569 erant

415 1608 539 1687 [cf.
586 1605 777 1670 eund.
823 1606 1112 1671 Bunsen.
1156 1606 1231 1669 T.
1275 1602 1345 1685 1,
1390 1625 1449 1688 p.
1494 1605 1705 1683 619.)
1803 1607 1981 1693 Nec,
2051 1610 2112 1671 si
2175 1608 2384 1673 clivus
2441 1608 2590 1672 ille=

420 1711 487 1774 in
533 1728 781 1773 summo
825 1708 1080 1773 Palatio
1138 1708 1435 1789 finiebat,
1490 1709 1711 1792 ibique
1748 1716 1935 1794 porta
1971 1709 2288 1797 Mugonia
2329 1715 2396 1775 et
2434 1728 2550 1774 re-

359 1859 366 1870 .
417 1813 531 1897 gis
590 1797 939 1874 sacrificuli
996 1808 1227 1873 domus
1287 1814 1463 1890 e1·,at
1531 1827 1741 1893 eaque
1798 1811 1986 1898 regio
2049 1827 2298 1879 summa
2353 1830 2549 1876 sacra

321 1973 324 1976 ,
419 1935 459 1979 ι
464 1917 533 1979 ia
573 1913 951 1995 dicebatur,
995 1910 1329 1998 quomodo
1346 1905 1499 1977 hinc
1527 1911 1613 1976 ad
1640 1910 1951 1978 Streniae
1981 1901 2291 1978 sacellum
2315 1918 2552 1979 tertiae

417 2035 658 2082 sacrae
699 2019 852 2082 viae
897 2036 1055 2102 pars
1101 2014 1373 2081 tendere
1417 2018 1736 2101 potuerit,
1779 2019 1910 2081 nisi
1945 2014 2291 2103 haec1psa
2323 2019 2552 2083 iterum

418 2122 630 2190 clivus
674 2122 905 2202 fuerit,
962 2121 1343 2205 perspicere
1379 2138 1752 2203 possumus,

1295 2266 1419 2337 Oa
1550 2272 1688 2339 19.
1756 2287 1757 2290 ’

417 2393 540 2471 De
600 2392 960 2469 Laribus
1020 2283 1611 2469 praestitam
1675 2393 1758 2455 et
1817 2387 2274 2457 Penatibus
2338 2389 2420 2458 Ρ.
2465 2392 2546 2459 R

462 2499 771 2585 passim
829 2495 1243 2583 confusia.
1289 2530 1375 2543 ·-
1469 2491 1594 2560 De
1643 2492 2114 2562 Penatibus
2158 2493 2509 2562 Lauinii

1358 2594 1634 2663 cultis.

620 2733 863 2819 Verum
920 2736 991 2794 ut
1040 2728 1128 2793 ad
1173 2732 1256 2794 ea
1297 2728 1682 2811 redeamuS,
1710 2784 1713 2799 „
1740 2730 1976 2813 quibus
2018 2730 2324 2817 Dionysii
2371 2734 2561 2802 error·

353 2830 354 2833 '
421 2823 914 2900 excusationem
972 2832 1232 2897 habere
1273 2835 1524 2917 possit,
1602 2849 1900 2917 quaeque
1943 2834 2132 2898 simul
2175 2834 2420 2920 aliquid
2467 2835 2551 2902 ad

357 3016 363 3025 ἱ
416 2935 868 3023 illustrandam
912 2937 1254 3000 Penatium
1312 2940 1646 3015 naturam,
1717 2935 1972 3018 qualem
2016 2937 2295 3002 Romani
2351 2938 2551 3027 uulgo

418 3043 549 3107 sibi
601 3040 938 3120 finxerint,
999 3034 1224 3102 facere
1274 3036 1659 3102 videantur.
1725 3039 1825 3101 sic
1885 3039 2385 3104 existimandum
2429 3049 2554 3122 est,

419 3164 614 3229 quum
656 3145 880 3206 Lares
923 3144 1050 3226 ipsi
1092 3142 1435 3205 Penatium
1493 3141 1878 3204 coniunctim
1936 3148 2004 3204 et
2055 3144 2123 3204 in
2177 3147 2554 3206 uniuersum

420 3245 734 3309 dictorum
777 3260 1042 3313 numero
1090 3244 1613 3329 cpntinerentur,
1667 3239 1864 3322 idque
1907 3259 2033 3303 non
2067 3242 2258 3305 modo
2304 3246 2367 3305 in
2412 3246 2568 3326 pri--

417 3347 598 3412 'vatis
656 3332 935 3408 aedibus
951 3389 992 3422 „
1050 3338 1158 3404 ubi
1215 3343 1598 3405 consociata
1654 3359 1915 3424 semper
1972 3349 2382 3427 utrorumque
2425 3364 2553 3409 nu-

418 3453 657 3516 minum
698 3446 1037 3511 veneratio
1082 3443 1200 3522 scs.
1248 3461 1388 3527 cap.
1434 3443 1566 3522 4.),
1613 3442 1734 3506 sed
1780 3446 1977 3508 etiam
2022 3447 2090 3509 in
2132 3448 2552 3515 Troianorum

420 3553 664 3618 Larum
714 3546 920 3628 cultu,
992 3542 1155 3629 quos
1214 3547 1387 3609 inter
1422 3543 1710 3608 Penates
1756 3546 2043 3610 civitatis
2085 3548 2380 3630 publicos
2423 3547 2550 3614 ha-

417 3652 671 3721 bendos
726 3667 882 3714 esse
941 3650 1256 3713 communi
1297 3645 1428 3712 fide
1467 3648 1716 3711 ferrent
1760 3647 1927 3728 [vid.
1973 3669 2027 3714 c.
2074 3648 2239 3732 15.],
2286 3656 2553 3718 evenire

333 3741 352 3823 ⁶.
420 3757 616 3824 facile
658 3755 984 3839 potuisse,
1032 3759 1100 3816 ut
1146 3755 1260 3837 qui
1295 3753 1506 3816 minus
1539 3758 1848 3831 accurate
1873 3751 2310 3835 loquerentur,
2353 3758 2550 3820 etiam

419 3850 544 3924 hos
589 3858 838 3935 Lares,
904 3852 1159 3917 Romuli
1200 3854 1521 3935 Remique
1560 3850 1752 3916 divos
1798 3853 2048 3916 animos
2092 3854 2380 3920 Penates
2422 3876 2551 3921 non

421 3960 610 4028 modo
655 3958 980 4036 dicerent,
1017 3974 1238 4020 verum
1286 3956 1481 4019 etiam
1528 3972 1746 4037 eorum
1796 3956 2145 4043 originem,
2186 3976 2379 4042 quam
2409 3978 2563 4023 om·-

423 4066 596 4128 nium
651 4058 1065 4126 externarum
1114 4059 1595 4141 superstionum
1659 4074 1905 4141 puram
1933 4063 2001 4121 et
2054 4078 2215 4124 vere
2256 4060 2551 4128 Italicam

340 4232 347 4241 ,
426 4182 586 4229 esse
628 4162 907 4227 vidimus
935 4161 1062 4241 (cf.
1090 4162 1166 4231 L.
1212 4160 1467 4242 1,14.],
1511 4158 1597 4223 ad
1628 4160 1923 4224 Aeneam
1949 4169 2278 4228 auctorem
2303 4167 2554 4232 referre

421 4271 838 4334 conarentur.
939 4265 1162 4349 Atque
1222 4265 1317 4330 ita
1369 4262 1578 4328 semel
1624 4263 1869 4328 iniecta
1913 4246 2239 4331 Troianae
2280 4270 2553 4358 originis

2055 4366 2184 4434 8*
