3013 4888
2447 364 2555 430 99.

392 512 706 595 vidimus,
759 515 1077 602 originem
1119 516 1464 579 Romanae
1502 516 1728 612 gentis
1784 515 2143 607 Pelasgam
2203 529 2283 610 et„
2316 522 2545 586 Asiae-a

377 624 961 708 mnamspectareut
1003 624 1071 683 et
1115 617 1438 700 colerent,
1484 617 1869 698 eosdemju
1907 621 2350 689 Praestitibus
2398 623 2523 688 du-

385 711 618 805 plicem
663 720 840 785 illam
892 719 1151 805 quidem
1194 721 1753 806 populi·naturam
1798 722 1920 786 sed
1966 743 2128 789 vere
2167 726 2525 789 Ausoniam

390 829 459 888 et
503 822 800 892 Italicam
841 822 1223 909 significare
1266 822 1586 890 voluisse.
1673 823 1763 888 Hi
1821 827 1991 898 euim
2051 819 2340 892 sunt'illi
2384 829 2525 892 La-

384 927 786 1008 rentianati,
832 927 1067 1010 quibus
1097 927 1391 1007 Mavors,
1434 926 1801 992 Ausonium
1827 947 2085 1010 numen,
2118 936 2325 1014 pater,
2371 931 2521 1015 qui·
2576 976 2582 1002 ἑ

346 1028 508 1101 .bus
551 1027 795 1092 Martia
848 1027 1000 1111 lupa
1043 1027 1244 1091 ubera
1284 1027 1628 1111 praebuit,
1689 1049 1861 1113 quos
1901 1032 2125 1114 picuS,
2183 1032 2515 1101 silvestris

383 1136 454 1194 et
511 1125 783 1217 pugnax
839 1134 987 1195 avis
1033 1132 1339 1216 nutrivit,
1408 1133 1518 1216 qui
1578 1130 1780 1196 adulti
1832 1133 2074 1198 Urbem
2123 1142 2519 1220 gentemque

381 1232 870 1314 condiderunt9'
902 1236 1024 1298 viri
1066 1239 1424 1314 auxerunt,
1483 1240 1965 1322 postlmortem
2008 1237 2103 1320 pii?
2142 1234 2343 1318 Genii·
2393 1253 2521 1316 non
2620 1253 2627 1268 ‘

380 1332 570 1400 modo
608 1329 1140 1422 regiaesdomuffi
1210 1332 1332 1398 sed
1376 1336 1576 1399 totius
1623 1336 1912 1400 civitatis
1958 1339 2216 1421 propitii
2265 1355 2306 1399 a
2350 1355 2519 1424 gra-
2636 1340 2640 1345 ’

378 1436 470 1499 tis
510 1435 855 1519 nepotibus
898 1433 1049 1499 culti
1098 1442 1269 1498 sunt.
1355 1436 1458 1514 At
1495 1454 1687 1519 quum
1734 1436 1813 1501 ob
1853 1434 1921 1500 id
1964 1438 2176 1521 ipsum
2219 1438 2285 1501 in
2327 1440 2519 1526 regia

382 1534 706 1621 quondam
730 1537 941 1600 veteri
971 1536 1266 1599 Romana
1295 1535 1414 1601 coli
1445 1534 1783 1619 debuisse,
1815 1553 1903 1601 ex
1935 1540 2042 1617 iis,
2070 1537 2245 1622 quae
2266 1536 2518 1603 hucus-

313 1643 316 1648 ’
382 1656 511 1721 que
556 1634 1065 1721 disputavimuS,
1126 1636 1303 1699 facili
1364 1654 1569 1720 opera
1610 1639 1758 1721 quis
1803 1635 2101 1724 colligat,
2157 1640 2285 1701 iam
2343 1636 2516 1721 quod

380 1754 425 1803 a
468 1738 729 1801 Numae
770 1735 957 1801 domo
1000 1744 1069 1801 et
1098 1735 1349 1800 Vestae
1399 1739 1566 1826 atrio
1614 1742 1966 1821 separatos
2013 1742 2080 1801 et
2121 1739 2346 1801 nescio
2388 1757 2514 1821 quo
2601 1793 2607 1818 ,

379 1827 661 1906 obscuro
704 1840 958 1904 Romae
1001 1838 1247 1904 sacello
1313 1838 1527 1904 cultos
1572 1854 1689 1904 eos
1739 1837 1994 1921 videat⁷
2051 1857 2134 1903 ne
2189 1842 2335 1924 quis
2393 1860 2518 1903 no·-

378 1946 540 2009 stris
583 1943 1204 2011 raciocinationibus
1246 1940 1536 2034 diffidat,
1596 1945 1982 2029 somniaque
2025 1940 2192 2007 adeo
2237 1943 2348 2008 illa
2395 1962 2520 2008 va-

295 2109 306 2122 ,
375 2064 633 2132 uasque
677 2044 1217 2110 hallucinationes
1252 2046 1622 2125 existimet,
1669 2042 2142 2129 procurandum
2187 2052 2310 2110 est.
2400 2047 2514 2127 At,

376 2150 549 2234 bona
595 2147 819 2229 verba,
865 2166 1137 2232 quaeso,
1177 2154 1245 2211 et
1288 2150 1347 2212 si
1401 2148 1621 2232 placet
1663 2165 1919 2211 manum
1963 2164 2308 2231 parumper
2353 2164 2517 2211 cou-

348 2252 551 2331 ‚tiue,
594 2268 719 2334 quo
760 2252 1130 2314 accuratius
1177 2248 1345 2314 haec
1387 2250 1723 2314 nobiscum
1773 2247 2198 2329 considereS,
2260 2265 2429 2334 quae
2474 2269 2518 2314 a

373 2354 566 2437 parte
621 2349 888 2436 multum
946 2351 1098 2419 huic
1136 2339 1405 2417 diversa
1450 2353 1586 2417 orsi
1639 2358 1706 2417 et
1750 2352 1945 2441 longe
1990 2352 2116 2417 alio
2172 2372 2298 2438 quo
2334 2360 2513 2418 'ten-

373 2456 612 2522 dentes
652 2460 890 2539 certiS,
945 2465 1017 2523 ut
1060 2459 1247 2522 nobis
1294 2456 1555 2544 quidem
1602 2457 1879 2539 videtur,
1937 2459 2161 2522 causis
2209 2459 2274 2521 in
2319 2456 2511 2523 huius
2546 2446 2587 2465 '¹

371 2558 497 2623 loci
541 2557 941 2622 commodum
997 2558 1218 2644 adepti
1267 2579 1515 2623 sumus.
1602 2556 1869 2623 Etenim
1929 2577 2123 2641 quum
2167 2560 2336 2622 alius
2392 2577 2510 2623 ar·-

273 2690 278 2699 1
374 2654 669 2746 gumenti
708 2661 964 2745 gratia,
1026 2658 1197 2743 quod
1232 2658 1354 2722 sub
1402 2658 1648 2722 calcem
1706 2657 1932 2720 harum
1990 2656 2527 2741 disquisitionum·

372 2763 795 2826 retractaturi
832 2780 1057 2824 sumus
1103 2759 1274 2845 apud
1320 2761 1597 2825 Plinium
1642 2761 1817 2824 Hist.
1854 2760 2008 2824 Nat..
2056 2757 2389 2842 XXXIV,
2433 2762 2515 2826 13

371 2865 496 2930 hoc
541 2864 949 2950 legeremus:
1013 2861 1124 2946 „E
1187 2862 1298 2929 dn
1279 2881 1453 2928 erso
1498 2864 1758 2928 Annius
1803 2862 2078 2929 Fetialis
2124 2867 2256 2942 (sc,
2315 2861 2517 2928 tradit

249 2970 258 2980 “
371 2970 694 3045 statuam)
741 2972 1157 3052 equestrem,
1201 2981 1377 3051 quae
1428 2964 1627 3029 fuerit
1668 2969 1965 3029 contra
2005 2964 2259 3029 Jovis
2305 2963 2512 3030 Sta-

368 3074 590 3137 toris
658 3068 890 3134 aedem
934 3072 1006 3153 ἰιι
1043 3067 1468 3148 vestibulo
1530 3066 1904 3153 Superbi
1959 3065 2279 3149 domuS,
2326 3069 2512 3153 JVa-
2556 3142 2570 3161 .

366 3171 637 3236 leriae
679 3171 892 3234 fuisse
922 3170 1426 3236 Publicolae
1456 3164 1740 3235 consulis
1773 3170 2103 3248 filiae“,
2149 3189 2342 3252 quum
2386 3188 2510 3233 au-

367 3279 502 3336 tem
545 3268 669 3333 hoc
712 3271 1107 3358 legeremus,
1154 3280 1220 3335 et
1263 3273 1329 3333 in
1373 3272 1516 3355 loco
1563 3277 1828 3334 statuae
1867 3277 2090 3333 contra
2118 3270 2316 3334 Joiis
2343 3270 2511 3336 Sta-

367 3376 531 3439 toris
578 3374 838 3457 positae
896 3388 1125 3436 omnes
1194 3378 1460 3436 autores
1506 3374 1884 3435 consentire
1945 3369 2510 3467 animadtertere-
2575 3415 2582 3423 -

368 3495 556 3557 muS,
611 3480 680 3538 et
724 3476 832 3558 qui
871 3473 1179 3538 Valeriae
1223 3480 1290 3538 et
1334 3476 1442 3558 qui
1488 3472 1781 3538 Cloeliae
1827 3491 1971 3539 eam
2014 3472 2236 3536 fuisse
2278 3452 2510 3541 trade-

368 3584 626 3642 rent—
660 3573 760 3640 Cf.
808 3577 979 3639 enim
1021 3577 1166 3639 Lii.
1192 3574 1282 3652 11,
1322 3577 1402 3641 13
1436 3576 1543 3639 fin.
1586 3575 1756 3639 Plut.
1791 3574 1974 3639 Publ.
2007 3572 2106 3637 19.
2133 3575 2328 3641 Dion.
2358 3578 2505 3643 Hal.

369 3679 454 3759 V,
498 3672 604 3756 35,
636 3696 906 3761 quorum
946 3683 1168 3742 tamen
1209 3697 1398 3743 nemo
1441 3681 1590 3762 ipse
1639 3692 1783 3744 eam
1827 3675 2022 3757 vidit,
2069 3683 2141 3741 ut
2182 3684 2338 3761 pote
2379 3681 2509 3761 iam

370 3787 528 3845 ante
554 3779 863 3862 Dionysii
893 3787 1179 3844 aetatem
1209 3780 1485 3846 aedibus
1530 3783 1770 3845 circum
1800 3780 1956 3867 igne
1999 3784 2396 3871 consumptis
2424 3820 2507 3833 --

369 3880 592 3949 mirari
636 3901 760 3948 nos
808 3883 1046 3963 subiit,
1093 3881 1246 3966 quid
1289 3881 1565 3965 tandem!
1592 3883 1933 3947 Romanae
1980 3877 2306 3945 libertatis
2356 3884 2507 3946 vin-‘-

369 3988 501 4052 dex
543 3994 610 4052 et
650 3992 877 4052 custos
924 3986 978 4050 V
983 3986 1225 4050 alerius
1239 4034 1260 4067 ,
1306 3985 1457 4071 quid
1500 3987 1634 4051 filia
1676 3987 1820 4050 eius
1855 3987 2156 4049 animosa
2193 4003 2337 4049 cum
2380 4003 2509 4049 ex-

380 4092 568 4175 pulso
632 4097 912 4174 tyranno
971 4091 1333 4154 commercii
1387 4087 1724 4171 habuerit,
1788 4095 1859 4152 ut
1920 4090 2213 4169 Annius,
2281 4096 2507 4153 auctor

380 4192 622 4276 probus
670 4198 738 4255 et
780 4195 1120 4275 antiquum,
1179 4192 1490 4258 Valeriae
1539 4192 1797 4277 signum
1839 4192 1906 4254 iu
1946 4191 2139 4257 istius
2186 4192 2508 4259 vestibulo

385 4295 669 4381 positum
705 4312 863 4360 esse
891 4295 1264 4363 affirmaret.
1350 4296 1595 4392 Verum
1625 4295 1994 4361 accuratius
2020 4298 2318 4391 iuspecto
2340 4296 2506 4374 loco,

1245 4410 1260 4429 ι
1991 4400 2033 4465 ⁷
2057 4404 2098 4444 t
