<?xml version="1.0" encoding="UTF-8"?>
<!DOCTYPE html PUBLIC "-//W3C//DTD XHTML 1.0 Transitional//EN"
    "http://www.w3.org/TR/xhtml1/DTD/xhtml1-transitional.dtd">
<html xmlns="http://www.w3.org/1999/xhtml" xml:lang="en" lang="en">
 <head>
  <title>
</title>
<meta http-equiv="Content-Type" content="text/html;charset=utf-8" />
  <meta name='ocr-system' content='tesseract 3.04.00' />
  <meta name='ocr-capabilities' content='ocr_page ocr_carea ocr_par ocr_line ocrx_word'/>
</head>
<body>
  <div class='ocr_page' id='page_1' title='image "./delarumatquepen00hertgoog_0038.png"; bbox 0 0 3013 4888; ppageno 0'>
   <div class='ocr_carea' id='block_1_1' title="bbox 491 362 666 457">
    <p class='ocr_par' dir='ltr' id='par_1_1' title="bbox 491 362 666 457">
     <span class='ocr_line' id='line_1_1' title="bbox 491 362 666 457; baseline 0.051 -10"><span class='ocrx_word' id='word_1_1' title='bbox 491 362 666 457; x_wconf 59' lang='lat'><strong>26(</strong></span> 
     </span>
    </p>
   </div>
   <div class='ocr_carea' id='block_1_2' title="bbox 482 486 2624 757">
    <p class='ocr_par' dir='ltr' id='par_1_2' title="bbox 482 486 2624 722">
     <span class='ocr_line' id='line_1_2' title="bbox 482 486 2624 619; baseline -0 -16"><span class='ocrx_word' id='word_1_2' title='bbox 482 539 704 619; x_wconf 77' lang='lat' dir='ltr'><strong>locuS,</strong></span> <span class='ocrx_word' id='word_1_3' title='bbox 757 526 868 602; x_wconf 84' lang='lat' dir='ltr'><strong>ubi</strong></span> <span class='ocrx_word' id='word_1_4' title='bbox 913 533 1163 601; x_wconf 82' lang='lat' dir='ltr'><strong>Genius</strong></span> <span class='ocrx_word' id='word_1_5' title='bbox 1217 503 1545 600; x_wconf 67' lang='lat' dir='ltr'><strong>humanus</strong></span> <span class='ocrx_word' id='word_1_6' title='bbox 1595 486 1898 601; x_wconf 79' lang='lat' dir='ltr'><strong>mortalis</strong></span> <span class='ocrx_word' id='word_1_7' title='bbox 1930 549 2091 598; x_wconf 78' lang='lat' dir='ltr'><strong>esse</strong></span> <span class='ocrx_word' id='word_1_8' title='bbox 2134 531 2408 618; x_wconf 81' lang='lat' dir='ltr'><strong>dicitur,</strong></span> <span class='ocrx_word' id='word_1_9' title='bbox 2465 533 2624 602; x_wconf 86' lang='lat' dir='ltr'><strong>nihil</strong></span> 
     </span>
     <span class='ocr_line' id='line_1_3' title="bbox 482 633 2227 757; baseline -0.003 -52"><span class='ocrx_word' id='word_1_10' title='bbox 482 639 744 705; x_wconf 77' lang='lat' dir='ltr'><strong>valebit.</strong></span> <span class='ocrx_word' id='word_1_11' title='bbox 827 637 1213 705; x_wconf 85' lang='lat' dir='ltr'><strong>Tamenetsi</strong></span> <span class='ocrx_word' id='word_1_12' title='bbox 1256 637 1426 703; x_wconf 88' lang='lat' dir='ltr'><strong>enim</strong></span> <span class='ocrx_word' id='word_1_13' title='bbox 1466 652 1614 757; x_wconf 82' lang='lat' dir='ltr'><strong>epp.</strong></span> <span class='ocrx_word' id='word_1_14' title='bbox 1650 633 1757 715; x_wconf 85' lang='lat'><strong>11,</strong></span> <span class='ocrx_word' id='word_1_15' title='bbox 1800 636 1882 720; x_wconf 83' lang='lat'><strong>2,</strong></span> <span class='ocrx_word' id='word_1_16' title='bbox 1923 634 2051 703; x_wconf 82' lang='lat'><strong>189</strong></span> <span class='ocrx_word' id='word_1_17' title='bbox 2095 654 2227 721; x_wconf 86' lang='lat' dir='ltr'><strong>sq.-</strong></span> 
     </span>
    </p>
   </div>
   <div class='ocr_carea' id='block_1_3' title="bbox 823 786 2245 973">
    <p class='ocr_par' dir='ltr' id='par_1_3' title="bbox 823 786 2245 931">
     <span class='ocr_line' id='line_1_4' title="bbox 886 786 2245 854; baseline 0 -15"><span class='ocrx_word' id='word_1_18' title='bbox 886 789 1172 854; x_wconf 75' lang='lat' dir='ltr'><strong>„Gcnius‚</strong></span> <span class='ocrx_word' id='word_1_19' title='bbox 1206 786 1388 838; x_wconf 65' lang='lat' dir='ltr'><strong>natale</strong></span> <span class='ocrx_word' id='word_1_20' title='bbox 1425 800 1595 837; x_wconf 74' lang='lat' dir='ltr'><strong>comes</strong></span> <span class='ocrx_word' id='word_1_21' title='bbox 1627 786 1717 853; x_wconf 71' lang='lat' dir='ltr'><strong>qui</strong></span> <span class='ocrx_word' id='word_1_22' title='bbox 1747 791 2005 853; x_wconf 74' lang='lat' dir='ltr'><strong>temperat</strong></span> <span class='ocrx_word' id='word_1_23' title='bbox 2038 792 2245 839; x_wconf 70' lang='lat' dir='ltr'><strong>astrum</strong></span> 
     </span>
     <span class='ocr_line' id='line_1_5' title="bbox 823 868 2120 973; baseline 0.001 -51"><span class='ocrx_word' id='word_1_24' title='bbox 823 872 1067 924; x_wconf 74' lang='lat' dir='ltr'><strong>Naturae</strong></span> <span class='ocrx_word' id='word_1_25' title='bbox 1101 873 1227 924; x_wconf 75' lang='lat' dir='ltr'><strong>dem</strong></span> <span class='ocrx_word' id='word_1_26' title='bbox 1258 871 1519 922; x_wconf 75' lang='lat' dir='ltr'><strong>humanae</strong></span> <span class='ocrx_word' id='word_1_27' title='bbox 1553 868 1800 924; x_wconf 68' lang='lat' dir='ltr'><strong>mortalis</strong></span> <span class='ocrx_word' id='word_1_28' title='bbox 1843 871 1899 973; x_wconf 68' lang='lat' dir='ltr'><strong>in</strong></span> <span class='ocrx_word' id='word_1_29' title='bbox 1934 887 2120 923; x_wconf 67' lang='lat' dir='ltr'><strong>urtum-</strong></span> 
     </span>
    </p>
   </div>
   <div class='ocr_carea' id='block_1_4' title="bbox 728 954 1410 1037">
    <p class='ocr_par' dir='ltr' id='par_1_4' title="bbox 728 954 1410 1037">
     <span class='ocr_line' id='line_1_6' title="bbox 728 954 1410 1037; baseline -0.003 -27"><span class='ocrx_word' id='word_1_30' title='bbox 728 1036 731 1037; x_wconf 8' lang='grc' dir='ltr'><em>γ</em></span> <span class='ocrx_word' id='word_1_31' title='bbox 826 958 1071 1027; x_wconf 71' lang='lat' dir='ltr'><strong>Quodque</strong></span> <span class='ocrx_word' id='word_1_32' title='bbox 1102 954 1410 1025; x_wconf 72' lang='lat' dir='ltr'><strong>caput“-,-</strong></span> 
     </span>
    </p>
   </div>
   <div class='ocr_carea' id='block_1_5' title="bbox 473 1086 2658 1383">
    <p class='ocr_par' dir='ltr' id='par_1_5' title="bbox 473 1086 2658 1383">
     <span class='ocr_line' id='line_1_7' title="bbox 476 1086 2615 1189; baseline -0.001 -30"><span class='ocrx_word' id='word_1_33' title='bbox 476 1096 626 1159; x_wconf 85' lang='lat' dir='ltr'><strong>sive</strong></span> <span class='ocrx_word' id='word_1_34' title='bbox 651 1086 859 1157; x_wconf 82' lang='lat' dir='ltr'><strong>verba</strong></span> <span class='ocrx_word' id='word_1_35' title='bbox 899 1091 1022 1172; x_wconf 86' lang='lat' dir='ltr'><strong>„in</strong></span> <span class='ocrx_word' id='word_1_36' title='bbox 1059 1087 1565 1189; x_wconf 82' lang='lat' dir='ltr'><strong>unumquodque</strong></span> <span class='ocrx_word' id='word_1_37' title='bbox 1590 1077 1849 1175; x_wconf 84' lang='lat' dir='ltr'><strong>caput“</strong></span> <span class='ocrx_word' id='word_1_38' title='bbox 1895 1086 1983 1154; x_wconf 89' lang='lat' dir='ltr'><strong>ad</strong></span> <span class='ocrx_word' id='word_1_39' title='bbox 2027 1088 2411 1156; x_wconf 86' lang='lat' dir='ltr'><strong>mortalis</strong></span> <span class='ocrx_word' id='word_1_40' title='bbox 2446 1091 2615 1173; x_wconf 78' lang='lat' dir='ltr'><strong>sive,</strong></span> 
     </span>
     <span class='ocr_line' id='line_1_8' title="bbox 476 1184 2611 1281; baseline -0.001 -20"><span class='ocrx_word' id='word_1_41' title='bbox 476 1194 655 1281; x_wconf 88' lang='lat' dir='ltr'><strong>quod</strong></span> <span class='ocrx_word' id='word_1_42' title='bbox 678 1194 947 1275; x_wconf 86' lang='lat' dir='ltr'><strong>malim,</strong></span> <span class='ocrx_word' id='word_1_43' title='bbox 960 1192 1047 1258; x_wconf 86' lang='lat' dir='ltr'><strong>ad</strong></span> <span class='ocrx_word' id='word_1_44' title='bbox 1087 1184 1506 1278; x_wconf 79' lang='lat' dir='ltr'><strong>temperat</strong></span> <span class='ocrx_word' id='word_1_45' title='bbox 1554 1191 1788 1275; x_wconf 84' lang='lat' dir='ltr'><strong>refers,</strong></span> <span class='ocrx_word' id='word_1_46' title='bbox 1828 1191 2165 1259; x_wconf 81' lang='lat' dir='ltr'><strong>mortalem</strong></span> <span class='ocrx_word' id='word_1_47' title='bbox 2211 1209 2370 1258; x_wconf 88' lang='lat' dir='ltr'><strong>esse</strong></span> <span class='ocrx_word' id='word_1_48' title='bbox 2400 1191 2611 1259; x_wconf 84' lang='lat' dir='ltr'><strong>Geni-</strong></span> 
     </span>
     <span class='ocr_line' id='line_1_9' title="bbox 473 1292 2658 1383; baseline 0 -20"><span class='ocrx_word' id='word_1_49' title='bbox 473 1319 605 1381; x_wconf 85' lang='lat' dir='ltr'><strong>um,</strong></span> <span class='ocrx_word' id='word_1_50' title='bbox 627 1300 781 1383; x_wconf 86' lang='lat' dir='ltr'><strong>quin</strong></span> <span class='ocrx_word' id='word_1_51' title='bbox 808 1297 1124 1362; x_wconf 77' lang='lat' dir='ltr'><strong>Horatius</strong></span> <span class='ocrx_word' id='word_1_52' title='bbox 1153 1295 1537 1383; x_wconf 70' lang='lat' dir='ltr'><strong>s1⁰n1ficare</strong></span> <span class='ocrx_word' id='word_1_53' title='bbox 1566 1294 1866 1377; x_wconf 83' lang='lat' dir='ltr'><strong>voluerit,</strong></span> <span class='ocrx_word' id='word_1_54' title='bbox 1896 1292 2181 1361; x_wconf 87' lang='lat' dir='ltr'><strong>dubitari</strong></span> <span class='ocrx_word' id='word_1_55' title='bbox 2208 1312 2337 1362; x_wconf 89' lang='lat' dir='ltr'><strong>non</strong></span> <span class='ocrx_word' id='word_1_56' title='bbox 2371 1304 2613 1382; x_wconf 84' lang='lat' dir='ltr'><strong>potest,</strong></span> <span class='ocrx_word' id='word_1_57' title='bbox 2655 1336 2658 1339; x_wconf 85' lang='lat'><em>-</em></span> 
     </span>
    </p>
   </div>
   <div class='ocr_carea' id='block_1_6' title="bbox 470 1394 2615 1585">
    <p class='ocr_par' dir='ltr' id='par_1_6' title="bbox 470 1394 2615 1581">
     <span class='ocr_line' id='line_1_10' title="bbox 477 1394 2615 1485; baseline -0.001 -20"><span class='ocrx_word' id='word_1_58' title='bbox 477 1416 697 1484; x_wconf 90' lang='lat' dir='ltr'><strong>neque</strong></span> <span class='ocrx_word' id='word_1_59' title='bbox 748 1394 941 1463; x_wconf 88' lang='lat' dir='ltr'><strong>aliter</strong></span> <span class='ocrx_word' id='word_1_60' title='bbox 957 1395 1433 1482; x_wconf 89' lang='lat' dir='ltr'><strong>accipiendum</strong></span> <span class='ocrx_word' id='word_1_61' title='bbox 1487 1414 1647 1463; x_wconf 90' lang='lat' dir='ltr'><strong>esse</strong></span> <span class='ocrx_word' id='word_1_62' title='bbox 1696 1388 1918 1483; x_wconf 86' lang='lat' dir='ltr'><strong>patet,</strong></span> <span class='ocrx_word' id='word_1_63' title='bbox 1976 1397 2155 1483; x_wconf 88' lang='lat' dir='ltr'><strong>quod</strong></span> <span class='ocrx_word' id='word_1_64' title='bbox 2207 1401 2399 1485; x_wconf 82' lang='lat' dir='ltr'><strong>epist.</strong></span> <span class='ocrx_word' id='word_1_65' title='bbox 2439 1398 2509 1482; x_wconf 86' lang='grc' dir='ltr'><strong>Ι,</strong></span> <span class='ocrx_word' id='word_1_66' title='bbox 2555 1401 2615 1481; x_wconf 88' lang='lat' dir='ltr'><strong>l,</strong></span> 
     </span>
     <span class='ocr_line' id='line_1_11' title="bbox 470 1495 2614 1585; baseline -0 -19"><span class='ocrx_word' id='word_1_67' title='bbox 470 1499 627 1566; x_wconf 76' lang='lat'>144.</span> <span class='ocrx_word' id='word_1_68' title='bbox 707 1545 750 1581; x_wconf 84' lang='lat'><strong>‚,</strong></span> <span class='ocrx_word' id='word_1_69' title='bbox 769 1495 1045 1563; x_wconf 80' lang='lat' dir='ltr'><strong>Genium</strong></span> <span class='ocrx_word' id='word_1_70' title='bbox 1072 1513 1420 1570; x_wconf 87' lang='lat' dir='ltr'><strong>memorem</strong></span> <span class='ocrx_word' id='word_1_71' title='bbox 1448 1497 1679 1563; x_wconf 80' lang='lat' dir='ltr'><strong>brevis</strong></span> <span class='ocrx_word' id='word_1_72' title='bbox 1708 1498 1870 1573; x_wconf 84' lang='lat' dir='ltr'><strong>aevi</strong></span> <span class='ocrx_word' id='word_1_73' title='bbox 1877 1498 1924 1535; x_wconf 83' lang='lat'>“</span> <span class='ocrx_word' id='word_1_74' title='bbox 1962 1495 2154 1564; x_wconf 87' lang='lat' dir='ltr'><strong>dicit:</strong></span> <span class='ocrx_word' id='word_1_75' title='bbox 2199 1504 2417 1565; x_wconf 86' lang='lat' dir='ltr'><strong>tamen</strong></span> <span class='ocrx_word' id='word_1_76' title='bbox 2447 1496 2614 1585; x_wconf 86' lang='lat' dir='ltr'><strong>haec</strong></span> 
     </span>
    </p>
   </div>
   <div class='ocr_carea' id='block_1_7' title="bbox 474 1584 2642 1790">
    <p class='ocr_par' dir='ltr' id='par_1_7' title="bbox 474 1584 2642 1790">
     <span class='ocr_line' id='line_1_12' title="bbox 476 1584 2642 1693; baseline 0 -26"><span class='ocrx_word' id='word_1_77' title='bbox 476 1603 690 1689; x_wconf 89' lang='lat' dir='ltr'><strong>opinio</strong></span> <span class='ocrx_word' id='word_1_78' title='bbox 731 1607 982 1667; x_wconf 90' lang='lat' dir='ltr'><strong>tantum</strong></span> <span class='ocrx_word' id='word_1_79' title='bbox 1022 1601 1302 1681; x_wconf 88' lang='lat' dir='ltr'><strong>abesse,</strong></span> <span class='ocrx_word' id='word_1_80' title='bbox 1354 1605 1428 1664; x_wconf 88' lang='lat' dir='ltr'><strong>ut</strong></span> <span class='ocrx_word' id='word_1_81' title='bbox 1471 1617 1558 1664; x_wconf 87' lang='lat' dir='ltr'><strong>ex</strong></span> <span class='ocrx_word' id='word_1_82' title='bbox 1602 1602 1896 1686; x_wconf 79' lang='lat' dir='ltr'><strong>antiquis</strong></span> <span class='ocrx_word' id='word_1_83' title='bbox 1935 1589 2009 1667; x_wconf 96' lang='lat' dir='ltr'><strong>P</strong></span> <span class='ocrx_word' id='word_1_84' title='bbox 2055 1602 2137 1668; x_wconf 81' lang='lat' dir='ltr'><strong>R.</strong></span> <span class='ocrx_word' id='word_1_85' title='bbox 2183 1584 2642 1693; x_wconf 49' lang='lat' dir='ltr'><strong>religionibus„</strong></span> 
     </span>
     <span class='ocr_line' id='line_1_13' title="bbox 474 1699 2611 1790; baseline -0 -20"><span class='ocrx_word' id='word_1_86' title='bbox 474 1706 760 1789; x_wconf 83' lang='lat' dir='ltr'><strong>repetita</strong></span> <span class='ocrx_word' id='word_1_87' title='bbox 815 1704 940 1784; x_wconf 85' lang='lat' dir='ltr'><strong>sit,</strong></span> <span class='ocrx_word' id='word_1_88' title='bbox 985 1707 1061 1768; x_wconf 91' lang='lat' dir='ltr'><strong>ut</strong></span> <span class='ocrx_word' id='word_1_89' title='bbox 1101 1701 1420 1768; x_wconf 82' lang='lat' dir='ltr'><strong>Horatius</strong></span> <span class='ocrx_word' id='word_1_90' title='bbox 1471 1717 1624 1767; x_wconf 84' lang='lat' dir='ltr'><strong>eam</strong></span> <span class='ocrx_word' id='word_1_91' title='bbox 1675 1699 1999 1768; x_wconf 83' lang='lat' dir='ltr'><strong>hactenus</strong></span> <span class='ocrx_word' id='word_1_92' title='bbox 2057 1703 2266 1770; x_wconf 88' lang='lat' dir='ltr'><strong>solum</strong></span> <span class='ocrx_word' id='word_1_93' title='bbox 2326 1703 2611 1790; x_wconf 86' lang='lat' dir='ltr'><strong>adopta-</strong></span> 
     </span>
    </p>
   </div>
   <div class='ocr_carea' id='block_1_8' title="bbox 472 1777 2610 1894">
    <p class='ocr_par' dir='ltr' id='par_1_8' title="bbox 472 1777 2610 1894">
     <span class='ocr_line' id='line_1_14' title="bbox 472 1777 2610 1894; baseline 0.001 -21"><span class='ocrx_word' id='word_1_94' title='bbox 472 1798 665 1887; x_wconf 49' lang='lat' dir='ltr'><strong>verit‘</strong></span> <span class='ocrx_word' id='word_1_95' title='bbox 707 1813 1036 1892; x_wconf 87' lang='lat' dir='ltr'><strong>quatenus</strong></span> <span class='ocrx_word' id='word_1_96' title='bbox 1076 1807 1331 1891; x_wconf 89' lang='lat' dir='ltr'><strong>poetico</strong></span> <span class='ocrx_word' id='word_1_97' title='bbox 1365 1806 1750 1893; x_wconf 88' lang='lat' dir='ltr'><strong>argumento</strong></span> <span class='ocrx_word' id='word_1_98' title='bbox 1779 1777 2017 1873; x_wconf 82' lang='lat' dir='ltr'><strong>idonea</strong></span> <span class='ocrx_word' id='word_1_99' title='bbox 2049 1807 2404 1894; x_wconf 81' lang='lat' dir='ltr'><strong>videretur,</strong></span> <span class='ocrx_word' id='word_1_100' title='bbox 2445 1828 2610 1876; x_wconf 89' lang='lat' dir='ltr'><strong>cae-</strong></span> 
     </span>
    </p>
   </div>
   <div class='ocr_carea' id='block_1_9' title="bbox 473 1905 2854 1997">
    <p class='ocr_par' dir='ltr' id='par_1_9' title="bbox 473 1905 2854 1997">
     <span class='ocr_line' id='line_1_15' title="bbox 473 1905 2854 1997; baseline 0.001 -23"><span class='ocrx_word' id='word_1_101' title='bbox 473 1915 687 1974; x_wconf 89' lang='lat' dir='ltr'><strong>terum</strong></span> <span class='ocrx_word' id='word_1_102' title='bbox 728 1906 1004 1997; x_wconf 84' lang='lat' dir='ltr'><strong>Epicuri</strong></span> <span class='ocrx_word' id='word_1_103' title='bbox 1056 1905 1140 1971; x_wconf 86' lang='lat' dir='ltr'><strong>de</strong></span> <span class='ocrx_word' id='word_1_104' title='bbox 1187 1907 1589 1972; x_wconf 82' lang='lat' dir='ltr'><strong>mortalitate</strong></span> <span class='ocrx_word' id='word_1_105' title='bbox 1635 1906 1900 1997; x_wconf 85' lang='lat' dir='ltr'><strong>humani</strong></span> <span class='ocrx_word' id='word_1_106' title='bbox 1941 1913 2140 1975; x_wconf 87' lang='lat' dir='ltr'><strong>animi</strong></span> <span class='ocrx_word' id='word_1_107' title='bbox 2182 1912 2441 1996; x_wconf 85' lang='lat' dir='ltr'><strong>placitis</strong></span> <span class='ocrx_word' id='word_1_108' title='bbox 2487 1913 2610 1979; x_wconf 88' lang='lat' dir='ltr'><strong>ob·-</strong></span> <span class='ocrx_word' id='word_1_109' title='bbox 2711 1914 2728 1977; x_wconf 75' lang='grc' dir='ltr'>ἶ</span> <span class='ocrx_word' id='word_1_110' title='bbox 2830 1920 2854 1945; x_wconf 67' lang='grc'><em>“</em></span> 
     </span>
    </p>
   </div>
   <div class='ocr_carea' id='block_1_10' title="bbox 448 2001 2690 3327">
    <p class='ocr_par' dir='ltr' id='par_1_10' title="bbox 448 2001 2690 3327">
     <span class='ocr_line' id='line_1_16' title="bbox 473 2001 2607 2098; baseline 0.003 -24"><span class='ocrx_word' id='word_1_111' title='bbox 473 2016 748 2075; x_wconf 88' lang='lat' dir='ltr'><strong>secutus</strong></span> <span class='ocrx_word' id='word_1_112' title='bbox 791 2011 989 2074; x_wconf 89' lang='lat' dir='ltr'><strong>etiam</strong></span> <span class='ocrx_word' id='word_1_113' title='bbox 1013 2001 1293 2074; x_wconf 79' lang='lat' dir='ltr'><strong>Genium</strong></span> <span class='ocrx_word' id='word_1_114' title='bbox 1318 2008 1657 2075; x_wconf 87' lang='lat' dir='ltr'><strong>mortalem</strong></span> <span class='ocrx_word' id='word_1_115' title='bbox 1685 2013 1947 2096; x_wconf 86' lang='lat' dir='ltr'><strong>proprio</strong></span> <span class='ocrx_word' id='word_1_116' title='bbox 1964 2059 1987 2096; x_wconf 86' lang='lat'><strong><em>,</em></strong></span> <span class='ocrx_word' id='word_1_117' title='bbox 2034 2019 2105 2080; x_wconf 93' lang='lat' dir='ltr'><strong>ut</strong></span> <span class='ocrx_word' id='word_1_118' title='bbox 2132 2016 2348 2098; x_wconf 82' lang='lat' dir='ltr'><strong>aiunt,</strong></span> <span class='ocrx_word' id='word_1_119' title='bbox 2388 2002 2607 2082; x_wconf 81' lang='lat' dir='ltr'><strong>Marte</strong></span> 
     </span>
     <span class='ocr_line' id='line_1_17' title="bbox 466 2100 2605 2200; baseline 0.001 -22"><span class='ocrx_word' id='word_1_120' title='bbox 466 2111 722 2200; x_wconf 89' lang='lat' dir='ltr'><strong>fingere</strong></span> <span class='ocrx_word' id='word_1_121' title='bbox 774 2118 1050 2178; x_wconf 87' lang='lat' dir='ltr'><strong>conatus</strong></span> <span class='ocrx_word' id='word_1_122' title='bbox 1094 2100 1217 2195; x_wconf 85' lang='lat' dir='ltr'><strong>sit,</strong></span> <span class='ocrx_word' id='word_1_123' title='bbox 1263 2118 1444 2184; x_wconf 89' lang='lat' dir='ltr'><strong>certo</strong></span> <span class='ocrx_word' id='word_1_124' title='bbox 1488 2109 1892 2179; x_wconf 86' lang='lat' dir='ltr'><strong>confidimus.</strong></span> <span class='ocrx_word' id='word_1_125' title='bbox 1982 2111 2419 2196; x_wconf 82' lang='lat' dir='ltr'><strong>Quamobrem</strong></span> <span class='ocrx_word' id='word_1_126' title='bbox 2458 2136 2605 2195; x_wconf 81' lang='lat' dir='ltr'><strong>noS‚</strong></span> 
     </span>
     <span class='ocr_line' id='line_1_18' title="bbox 468 2210 2608 2297; baseline 0.002 -19"><span class='ocrx_word' id='word_1_127' title='bbox 468 2212 645 2278; x_wconf 89' lang='lat' dir='ltr'><strong>unde</strong></span> <span class='ocrx_word' id='word_1_128' title='bbox 700 2213 846 2276; x_wconf 87' lang='lat' dir='ltr'><strong>eius</strong></span> <span class='ocrx_word' id='word_1_129' title='bbox 903 2210 1034 2293; x_wconf 90' lang='lat' dir='ltr'><strong>loci</strong></span> <span class='ocrx_word' id='word_1_130' title='bbox 1086 2213 1487 2296; x_wconf 86' lang='lat' dir='ltr'><strong>interpretes</strong></span> <span class='ocrx_word' id='word_1_131' title='bbox 1545 2214 1775 2279; x_wconf 88' lang='lat' dir='ltr'><strong>nescio</strong></span> <span class='ocrx_word' id='word_1_132' title='bbox 1832 2231 2028 2297; x_wconf 88' lang='lat' dir='ltr'><strong>quam</strong></span> <span class='ocrx_word' id='word_1_133' title='bbox 2080 2214 2482 2282; x_wconf 85' lang='lat' dir='ltr'><strong>reconditam</strong></span> <span class='ocrx_word' id='word_1_134' title='bbox 2538 2223 2608 2283; x_wconf 87' lang='lat' dir='ltr'><strong>et</strong></span> 
     </span>
     <span class='ocr_line' id='line_1_19' title="bbox 464 2309 2664 2399; baseline 0 -23"><span class='ocrx_word' id='word_1_135' title='bbox 464 2314 808 2396; x_wconf 78' lang='lat' dir='ltr'><strong>mysticam</strong></span> <span class='ocrx_word' id='word_1_136' title='bbox 841 2309 1199 2377; x_wconf 82' lang='lat' dir='ltr'><strong>doctrinam</strong></span> <span class='ocrx_word' id='word_1_137' title='bbox 1225 2310 1616 2390; x_wconf 86' lang='lat' dir='ltr'><strong>hauserint,</strong></span> <span class='ocrx_word' id='word_1_138' title='bbox 1659 2329 1792 2397; x_wconf 81' lang='lat' dir='ltr'><strong>qua</strong></span> <span class='ocrx_word' id='word_1_139' title='bbox 1823 2312 2061 2399; x_wconf 88' lang='lat' dir='ltr'><strong>genios</strong></span> <span class='ocrx_word' id='word_1_140' title='bbox 2090 2313 2413 2380; x_wconf 88' lang='lat' dir='ltr'><strong>hominum</strong></span> <span class='ocrx_word' id='word_1_141' title='bbox 2441 2334 2602 2395; x_wconf 21' lang='lat' dir='ltr'><strong>*cum</strong></span> <span class='ocrx_word' id='word_1_142' title='bbox 2659 2366 2664 2377; x_wconf 79' lang='lat'><em>.</em></span> 
     </span>
     <span class='ocr_line' id='line_1_20' title="bbox 462 2412 2602 2502; baseline 0.002 -23"><span class='ocrx_word' id='word_1_143' title='bbox 462 2417 634 2502; x_wconf 89' lang='lat' dir='ltr'><strong>ipsis</strong></span> <span class='ocrx_word' id='word_1_144' title='bbox 669 2416 944 2481; x_wconf 86' lang='lat' dir='ltr'><strong>mortuis</strong></span> <span class='ocrx_word' id='word_1_145' title='bbox 976 2413 1290 2500; x_wconf 86' lang='lat' dir='ltr'><strong>dissipari</strong></span> <span class='ocrx_word' id='word_1_146' title='bbox 1326 2421 1393 2481; x_wconf 88' lang='lat' dir='ltr'><strong>et</strong></span> <span class='ocrx_word' id='word_1_147' title='bbox 1428 2412 1904 2500; x_wconf 83' lang='lat' dir='ltr'><strong>quodammodo</strong></span> <span class='ocrx_word' id='word_1_148' title='bbox 1931 2413 2252 2498; x_wconf 85' lang='lat' dir='ltr'><strong>diffluere,</strong></span> <span class='ocrx_word' id='word_1_149' title='bbox 2296 2422 2431 2481; x_wconf 92' lang='lat' dir='ltr'><strong>tum</strong></span> <span class='ocrx_word' id='word_1_150' title='bbox 2472 2419 2602 2483; x_wconf 86' lang='lat' dir='ltr'><strong>flu-</strong></span> 
     </span>
     <span class='ocr_line' id='line_1_21' title="bbox 463 2515 2598 2605; baseline 0.001 -24"><span class='ocrx_word' id='word_1_151' title='bbox 463 2518 658 2600; x_wconf 85' lang='lat' dir='ltr'><strong>minis</strong></span> <span class='ocrx_word' id='word_1_152' title='bbox 709 2518 923 2583; x_wconf 88' lang='lat' dir='ltr'><strong>instar</strong></span> <span class='ocrx_word' id='word_1_153' title='bbox 977 2518 1046 2582; x_wconf 90' lang='lat' dir='ltr'><strong>in</strong></span> <span class='ocrx_word' id='word_1_154' title='bbox 1094 2524 1365 2592; x_wconf 68' lang='lat' dir='ltr'><strong>⁸vastum</strong></span> <span class='ocrx_word' id='word_1_155' title='bbox 1400 2515 1702 2582; x_wconf 86' lang='lat' dir='ltr'><strong>immensi</strong></span> <span class='ocrx_word' id='word_1_156' title='bbox 1747 2517 1943 2581; x_wconf 85' lang='lat' dir='ltr'><strong>vacui</strong></span> <span class='ocrx_word' id='word_1_157' title='bbox 1984 2520 2340 2605; x_wconf 84' lang='lat' dir='ltr'><strong>gurgitem</strong></span> <span class='ocrx_word' id='word_1_158' title='bbox 2364 2524 2436 2583; x_wconf 93' lang='lat' dir='ltr'><strong>et</strong></span> <span class='ocrx_word' id='word_1_159' title='bbox 2478 2535 2598 2585; x_wconf 84' lang='lat' dir='ltr'><strong>ve-</strong></span> 
     </span>
     <span class='ocr_line' id='line_1_22' title="bbox 460 2617 2690 2711; baseline 0.001 -25"><span class='ocrx_word' id='word_1_160' title='bbox 460 2619 580 2686; x_wconf 86' lang='lat' dir='ltr'><strong>luti</strong></span> <span class='ocrx_word' id='word_1_161' title='bbox 619 2636 1015 2696; x_wconf 87' lang='lat' dir='ltr'><strong>communem</strong></span> <span class='ocrx_word' id='word_1_162' title='bbox 1060 2621 1419 2687; x_wconf 90' lang='lat' dir='ltr'><strong>animarum</strong></span> <span class='ocrx_word' id='word_1_163' title='bbox 1463 2637 1781 2686; x_wconf 85' lang='lat' dir='ltr'><strong>oceanum</strong></span> <span class='ocrx_word' id='word_1_164' title='bbox 1818 2617 2133 2708; x_wconf 88' lang='lat' dir='ltr'><strong>delapsos</strong></span> <span class='ocrx_word' id='word_1_165' title='bbox 2177 2621 2400 2711; x_wconf 84' lang='lat' dir='ltr'><strong>colligi</strong></span> <span class='ocrx_word' id='word_1_166' title='bbox 2444 2640 2600 2698; x_wconf 48' lang='lat' dir='ltr'><strong>cres</strong></span> <span class='ocrx_word' id='word_1_167' title='bbox 2684 2621 2690 2628; x_wconf 84' lang='lat'>&#39;</span> 
     </span>
     <span class='ocr_line' id='line_1_23' title="bbox 459 2721 2601 2814; baseline 0.003 -28"><span class='ocrx_word' id='word_1_168' title='bbox 459 2721 663 2787; x_wconf 88' lang='lat' dir='ltr'><strong>ditum</strong></span> <span class='ocrx_word' id='word_1_169' title='bbox 705 2729 927 2814; x_wconf 68' lang='lat' dir='ltr'><strong>esset,</strong></span> <span class='ocrx_word' id='word_1_170' title='bbox 971 2727 1245 2809; x_wconf 82' lang='lat' dir='ltr'><strong>penitus</strong></span> <span class='ocrx_word' id='word_1_171' title='bbox 1275 2743 1399 2789; x_wconf 91' lang='lat' dir='ltr'><strong>nos</strong></span> <span class='ocrx_word' id='word_1_172' title='bbox 1428 2726 1691 2789; x_wconf 89' lang='lat' dir='ltr'><strong>nescire</strong></span> <span class='ocrx_word' id='word_1_173' title='bbox 1720 2725 1996 2812; x_wconf 87' lang='lat' dir='ltr'><strong>ingenui</strong></span> <span class='ocrx_word' id='word_1_174' title='bbox 2033 2726 2427 2809; x_wconf 84' lang='lat' dir='ltr'><strong>profitemur,</strong></span> <span class='ocrx_word' id='word_1_175' title='bbox 2470 2728 2601 2792; x_wconf 85' lang='lat' dir='ltr'><strong>nisi</strong></span> 
     </span>
     <span class='ocr_line' id='line_1_24' title="bbox 454 2823 2598 2910; baseline 0.001 -22"><span class='ocrx_word' id='word_1_176' title='bbox 454 2823 626 2888; x_wconf 85' lang='lat' dir='ltr'><strong>forte</strong></span> <span class='ocrx_word' id='word_1_177' title='bbox 680 2823 791 2888; x_wconf 86' lang='lat' dir='ltr'><strong>ille</strong></span> <span class='ocrx_word' id='word_1_178' title='bbox 839 2825 993 2890; x_wconf 87' lang='lat' dir='ltr'><strong>fons</strong></span> <span class='ocrx_word' id='word_1_179' title='bbox 1047 2824 1235 2890; x_wconf 88' lang='lat' dir='ltr'><strong>locus</strong></span> <span class='ocrx_word' id='word_1_180' title='bbox 1291 2831 1400 2889; x_wconf 88' lang='lat' dir='ltr'><strong>est</strong></span> <span class='ocrx_word' id='word_1_181' title='bbox 1437 2824 1761 2890; x_wconf 85' lang='lat' dir='ltr'><strong>Macrobii</strong></span> <span class='ocrx_word' id='word_1_182' title='bbox 1816 2844 2163 2910; x_wconf 86' lang='lat' dir='ltr'><strong>perperam</strong></span> <span class='ocrx_word' id='word_1_183' title='bbox 2223 2827 2598 2892; x_wconf 89' lang='lat' dir='ltr'><strong>intellectus</strong></span> 
     </span>
     <span class='ocr_line' id='line_1_25' title="bbox 452 2923 2589 3008; baseline 0.001 -20"><span class='ocrx_word' id='word_1_184' title='bbox 452 2923 599 2989; x_wconf 84' lang='lat' dir='ltr'><strong>Sat.</strong></span> <span class='ocrx_word' id='word_1_185' title='bbox 625 2923 697 3003; x_wconf 88' lang='grc' dir='ltr'><strong>Ι,</strong></span> <span class='ocrx_word' id='word_1_186' title='bbox 732 2926 849 2989; x_wconf 78' lang='grc' dir='ltr'><strong>1οι</strong></span> <span class='ocrx_word' id='word_1_187' title='bbox 891 2903 1497 3007; x_wconf 84' lang='lat' dir='ltr'><strong>„existimaverunt</strong></span> <span class='ocrx_word' id='word_1_188' title='bbox 1538 2926 1793 3008; x_wconf 86' lang='lat' dir='ltr'><strong>antiqui</strong></span> <span class='ocrx_word' id='word_1_189' title='bbox 1837 2928 2096 2990; x_wconf 89' lang='lat' dir='ltr'><strong>animas</strong></span> <span class='ocrx_word' id='word_1_190' title='bbox 2141 2945 2184 2990; x_wconf 90' lang='lat' dir='ltr'><strong>a</strong></span> <span class='ocrx_word' id='word_1_191' title='bbox 2219 2926 2339 2991; x_wconf 63' lang='lat' dir='ltr'>on</span> <span class='ocrx_word' id='word_1_192' title='bbox 2342 2945 2381 2990; x_wconf 92' lang='lat' dir='ltr'><strong>e</strong></span> <span class='ocrx_word' id='word_1_193' title='bbox 2423 2925 2589 3007; x_wconf 87' lang='lat' dir='ltr'><strong>dari,</strong></span> 
     </span>
     <span class='ocr_line' id='line_1_26' title="bbox 455 3022 2591 3109; baseline 0.001 -19"><span class='ocrx_word' id='word_1_194' title='bbox 455 3031 525 3090; x_wconf 90' lang='lat' dir='ltr'><strong>et</strong></span> <span class='ocrx_word' id='word_1_195' title='bbox 578 3043 810 3088; x_wconf 82' lang='lat' dir='ltr'><strong>rursus</strong></span> <span class='ocrx_word' id='word_1_196' title='bbox 866 3032 1020 3109; x_wconf 88' lang='lat' dir='ltr'><strong>post</strong></span> <span class='ocrx_word' id='word_1_197' title='bbox 1061 3031 1329 3098; x_wconf 83' lang='lat' dir='ltr'><strong>mortem</strong></span> <span class='ocrx_word' id='word_1_198' title='bbox 1372 3022 1592 3089; x_wconf 88' lang='lat' dir='ltr'><strong>eidem</strong></span> <span class='ocrx_word' id='word_1_199' title='bbox 1626 3023 1838 3089; x_wconf 88' lang='lat' dir='ltr'><strong>reddi.</strong></span> <span class='ocrx_word' id='word_1_200' title='bbox 1856 3025 1900 3064; x_wconf 88' lang='lat'>“</span> <span class='ocrx_word' id='word_1_201' title='bbox 2000 3025 2207 3107; x_wconf 84' lang='lat' dir='ltr'><strong>Quem</strong></span> <span class='ocrx_word' id='word_1_202' title='bbox 2252 3027 2461 3092; x_wconf 89' lang='lat' dir='ltr'><strong>locum</strong></span> <span class='ocrx_word' id='word_1_203' title='bbox 2504 3028 2591 3093; x_wconf 90' lang='lat' dir='ltr'><strong>de</strong></span> 
     </span>
     <span class='ocr_line' id='line_1_27' title="bbox 450 3123 2590 3215; baseline 0.003 -27"><span class='ocrx_word' id='word_1_204' title='bbox 450 3126 689 3204; x_wconf 82' lang='lat' dir='ltr'><strong>animis</strong></span> <span class='ocrx_word' id='word_1_205' title='bbox 734 3130 886 3207; x_wconf 90' lang='lat' dir='ltr'><strong>post</strong></span> <span class='ocrx_word' id='word_1_206' title='bbox 926 3131 1197 3190; x_wconf 88' lang='lat' dir='ltr'><strong>mortem</strong></span> <span class='ocrx_word' id='word_1_207' title='bbox 1222 3123 1605 3190; x_wconf 89' lang='lat' dir='ltr'><strong>coelestium</strong></span> <span class='ocrx_word' id='word_1_208' title='bbox 1647 3142 1915 3190; x_wconf 89' lang='lat' dir='ltr'><strong>numero</strong></span> <span class='ocrx_word' id='word_1_209' title='bbox 1960 3125 2209 3191; x_wconf 86' lang='lat' dir='ltr'><strong>additis</strong></span> <span class='ocrx_word' id='word_1_210' title='bbox 2253 3130 2590 3215; x_wconf 84' lang='lat' dir='ltr'><strong>interpre-</strong></span> 
     </span>
     <span class='ocr_line' id='line_1_28' title="bbox 448 3224 2215 3327; baseline 0 -37"><span class='ocrx_word' id='word_1_211' title='bbox 448 3225 578 3290; x_wconf 85' lang='lat' dir='ltr'><strong>tari</strong></span> <span class='ocrx_word' id='word_1_212' title='bbox 608 3224 767 3327; x_wconf 66' lang='lat' dir='ltr'><strong>poll.</strong></span> <span class='ocrx_word' id='word_1_213' title='bbox 802 3224 969 3290; x_wconf 84' lang='lat' dir='ltr'><strong>locis</strong></span> <span class='ocrx_word' id='word_1_214' title='bbox 1015 3242 1072 3292; x_wconf 87' lang='lat' dir='ltr'><strong>c.</strong></span> <span class='ocrx_word' id='word_1_215' title='bbox 1119 3226 1164 3291; x_wconf 84' lang='lat'>2</span> <span class='ocrx_word' id='word_1_216' title='bbox 1199 3231 1267 3291; x_wconf 93' lang='lat' dir='ltr'><strong>et</strong></span> <span class='ocrx_word' id='word_1_217' title='bbox 1307 3224 1373 3289; x_wconf 81' lang='lat'><strong>4.</strong></span> <span class='ocrx_word' id='word_1_218' title='bbox 1422 3224 1642 3290; x_wconf 85' lang='lat' dir='ltr'><strong>citatis</strong></span> <span class='ocrx_word' id='word_1_219' title='bbox 1685 3242 1815 3291; x_wconf 91' lang='lat' dir='ltr'><strong>non</strong></span> <span class='ocrx_word' id='word_1_220' title='bbox 1856 3225 2215 3320; x_wconf 74' lang='lat' dir='ltr'><strong>,dubitabis-</strong></span> 
     </span>
    </p>
   </div>
   <div class='ocr_carea' id='block_1_11' title="bbox 446 3367 2616 3635">
    <p class='ocr_par' dir='ltr' id='par_1_11' title="bbox 446 3367 2616 3635">
     <span class='ocr_line' id='line_1_29' title="bbox 1284 3367 2274 3512; baseline 0.004 -33.164"><span class='ocrx_word' id='word_1_221' title='bbox 1284 3393 1537 3512; x_wconf 59' lang='lat' dir='ltr'><strong>(gap.</strong></span> <span class='ocrx_word' id='word_1_222' title='bbox 1585 3367 1726 3482; x_wconf 81' lang='lat' dir='ltr'><strong>lo.</strong></span> <span class='ocrx_word' id='word_1_223' title='bbox 1805 3391 1836 3406; x_wconf 79' lang='grc'><strong>”</strong></span> <span class='ocrx_word' id='word_1_224' title='bbox 2267 3489 2274 3496; x_wconf 73' lang='grc'>,</span> 
     </span>
     <span class='ocr_line' id='line_1_30' title="bbox 446 3495 2616 3635; baseline 0.001 -22"><span class='ocrx_word' id='word_1_225' title='bbox 446 3543 573 3613; x_wconf 82' lang='lat' dir='ltr'><strong>De</strong></span> <span class='ocrx_word' id='word_1_226' title='bbox 600 3495 1026 3635; x_wconf 44' lang='lat' dir='ltr'><strong>Lat-efflui</strong></span> <span class='ocrx_word' id='word_1_227' title='bbox 1063 3565 1275 3632; x_wconf 75' lang='lat' dir='ltr'><strong>prae</strong></span> <span class='ocrx_word' id='word_1_228' title='bbox 1314 3546 1686 3613; x_wconf 70' lang='lat' dir='ltr'><strong>caeteris</strong></span> <span class='ocrx_word' id='word_1_229' title='bbox 1727 3503 2616 3632; x_wconf 10' lang='lat' dir='ltr'><strong>diciturfruiti-liaris.¹</strong></span> 
     </span>
    </p>
   </div>
   <div class='ocr_carea' id='block_1_12' title="bbox 448 3677 2608 3870">
    <p class='ocr_par' dir='ltr' id='par_1_12' title="bbox 448 3677 2608 3870">
     <span class='ocr_line' id='line_1_31' title="bbox 582 3677 2608 3770; baseline 0.001 -24.036"><span class='ocrx_word' id='word_1_230' title='bbox 582 3679 798 3763; x_wconf 79' lang='lat' dir='ltr'><strong>Quo</strong></span> <span class='ocrx_word' id='word_1_231' title='bbox 829 3685 1215 3770; x_wconf 87' lang='lat' dir='ltr'><strong>argumento</strong></span> <span class='ocrx_word' id='word_1_232' title='bbox 1241 3679 1440 3746; x_wconf 86' lang='lat' dir='ltr'><strong>multo</strong></span> <span class='ocrx_word' id='word_1_233' title='bbox 1462 3679 1697 3744; x_wconf 85' lang='lat' dir='ltr'><strong>fortius</strong></span> <span class='ocrx_word' id='word_1_234' title='bbox 1731 3677 1800 3744; x_wconf 88' lang='lat' dir='ltr'><strong>id</strong></span> <span class='ocrx_word' id='word_1_235' title='bbox 1830 3686 2058 3745; x_wconf 87' lang='lat' dir='ltr'><strong>contra</strong></span> <span class='ocrx_word' id='word_1_236' title='bbox 2094 3687 2385 3745; x_wconf 83' lang='lat' dir='ltr'><strong>nostram</strong></span> <span class='ocrx_word' id='word_1_237' title='bbox 2424 3692 2608 3760; x_wconf 12' lang='lat' dir='ltr'><strong>sen-7</strong></span> 
     </span>
     <span class='ocr_line' id='line_1_32' title="bbox 448 3776 2588 3870; baseline -0.001 -24"><span class='ocrx_word' id='word_1_238' title='bbox 448 3783 722 3846; x_wconf 82' lang='lat' dir='ltr'><strong>tentiam</strong></span> <span class='ocrx_word' id='word_1_239' title='bbox 763 3782 989 3847; x_wconf 82' lang='lat' dir='ltr'><strong>inferri</strong></span> <span class='ocrx_word' id='word_1_240' title='bbox 1016 3781 1265 3865; x_wconf 84' lang='lat' dir='ltr'><strong>possit,</strong></span> <span class='ocrx_word' id='word_1_241' title='bbox 1311 3776 1483 3863; x_wconf 84' lang='lat' dir='ltr'><strong>quod</strong></span> <span class='ocrx_word' id='word_1_242' title='bbox 1526 3780 1922 3870; x_wconf 78' lang='lat' dir='ltr'><strong>saepissime</strong></span> <span class='ocrx_word' id='word_1_243' title='bbox 1948 3782 2139 3845; x_wconf 87' lang='lat' dir='ltr'><strong>unius</strong></span> <span class='ocrx_word' id='word_1_244' title='bbox 2167 3787 2418 3845; x_wconf 86' lang='lat' dir='ltr'><strong>tantum</strong></span> <span class='ocrx_word' id='word_1_245' title='bbox 2445 3782 2588 3846; x_wconf 90' lang='lat' dir='ltr'><strong>La-</strong></span> 
     </span>
    </p>
   </div>
   <div class='ocr_carea' id='block_1_13' title="bbox 322 3878 2586 3967">
    <p class='ocr_par' dir='ltr' id='par_1_13' title="bbox 322 3878 2586 3967">
     <span class='ocr_line' id='line_1_33' title="bbox 322 3878 2586 3967; baseline -0.001 -18"><span class='ocrx_word' id='word_1_246' title='bbox 322 3927 341 3937; x_wconf 78' lang='lat'><strong>--</strong></span> <span class='ocrx_word' id='word_1_247' title='bbox 441 3885 538 3949; x_wconf 88' lang='lat' dir='ltr'><strong>ris</strong></span> <span class='ocrx_word' id='word_1_248' title='bbox 576 3884 918 3949; x_wconf 77' lang='lat' dir='ltr'><strong>familiaris</strong></span> <span class='ocrx_word' id='word_1_249' title='bbox 961 3884 1203 3948; x_wconf 87' lang='lat' dir='ltr'><strong>mentio</strong></span> <span class='ocrx_word' id='word_1_250' title='bbox 1245 3882 1382 3947; x_wconf 86' lang='lat' dir='ltr'><strong>flat.</strong></span> <span class='ocrx_word' id='word_1_251' title='bbox 1418 3903 1421 3906; x_wconf 64' lang='grc'><strong>’</strong></span> <span class='ocrx_word' id='word_1_252' title='bbox 1470 3878 1675 3947; x_wconf 84' lang='lat' dir='ltr'><strong>Cuius</strong></span> <span class='ocrx_word' id='word_1_253' title='bbox 1719 3881 2160 3967; x_wconf 76' lang='lat' dir='ltr'><strong>relexempla</strong></span> <span class='ocrx_word' id='word_1_254' title='bbox 2200 3890 2271 3947; x_wconf 90' lang='lat' dir='ltr'><strong>ut</strong></span> <span class='ocrx_word' id='word_1_255' title='bbox 2311 3883 2586 3967; x_wconf 87' lang='lat' dir='ltr'><strong>plurima</strong></span> 
     </span>
    </p>
   </div>
   <div class='ocr_carea' id='block_1_14' title="bbox 368 3975 2650 4375">
    <p class='ocr_par' dir='ltr' id='par_1_14' title="bbox 368 3975 2587 4268">
     <span class='ocr_line' id='line_1_34' title="bbox 444 3975 2586 4067; baseline -0.001 -18"><span class='ocrx_word' id='word_1_256' title='bbox 444 3993 637 4067; x_wconf 82' lang='lat' dir='ltr'><strong>sunt,</strong></span> <span class='ocrx_word' id='word_1_257' title='bbox 682 3990 751 4048; x_wconf 89' lang='lat' dir='ltr'><strong>et</strong></span> <span class='ocrx_word' id='word_1_258' title='bbox 788 3975 1095 4049; x_wconf 77' lang='lat' dir='ltr'><strong>facillime</strong></span> <span class='ocrx_word' id='word_1_259' title='bbox 1132 3989 1268 4047; x_wconf 89' lang='lat' dir='ltr'><strong>tum</strong></span> <span class='ocrx_word' id='word_1_260' title='bbox 1312 4000 1401 4046; x_wconf 86' lang='lat' dir='ltr'><strong>ex</strong></span> <span class='ocrx_word' id='word_1_261' title='bbox 1443 3981 1594 4046; x_wconf 89' lang='lat' dir='ltr'><strong>aliis</strong></span> <span class='ocrx_word' id='word_1_262' title='bbox 1621 3981 1787 4048; x_wconf 88' lang='lat' dir='ltr'><strong>locis</strong></span> <span class='ocrx_word' id='word_1_263' title='bbox 1829 3999 1871 4047; x_wconf 83' lang='lat' dir='ltr'><strong>a</strong></span> <span class='ocrx_word' id='word_1_264' title='bbox 1915 3997 2020 4047; x_wconf 87' lang='lat' dir='ltr'><strong>me</strong></span> <span class='ocrx_word' id='word_1_265' title='bbox 2060 3982 2280 4047; x_wconf 85' lang='lat' dir='ltr'><strong>allatis</strong></span> <span class='ocrx_word' id='word_1_266' title='bbox 2323 3989 2457 4047; x_wconf 89' lang='lat' dir='ltr'><strong>tum</strong></span> <span class='ocrx_word' id='word_1_267' title='bbox 2500 4001 2586 4047; x_wconf 89' lang='lat' dir='ltr'><strong>ex</strong></span> 
     </span>
     <span class='ocr_line' id='line_1_35' title="bbox 368 4082 2587 4172; baseline -0 -20"><span class='ocrx_word' id='word_1_268' title='bbox 368 4104 409 4138; x_wconf 74' lang='lat'><strong>.·</strong></span> <span class='ocrx_word' id='word_1_269' title='bbox 449 4087 774 4172; x_wconf 83' lang='lat' dir='ltr'><strong>Appuleio</strong></span> <span class='ocrx_word' id='word_1_270' title='bbox 819 4084 904 4149; x_wconf 90' lang='lat' dir='ltr'><strong>de</strong></span> <span class='ocrx_word' id='word_1_271' title='bbox 944 4084 1094 4150; x_wconf 87' lang='lat' dir='ltr'><strong>Deo</strong></span> <span class='ocrx_word' id='word_1_272' title='bbox 1137 4082 1329 4152; x_wconf 85' lang='lat' dir='ltr'><strong>Socr.</strong></span> <span class='ocrx_word' id='word_1_273' title='bbox 1370 4103 1434 4170; x_wconf 92' lang='lat' dir='ltr'><strong>p.</strong></span> <span class='ocrx_word' id='word_1_274' title='bbox 1481 4082 1594 4152; x_wconf 75' lang='grc'><strong>50.</strong></span> <span class='ocrx_word' id='word_1_275' title='bbox 1639 4087 1849 4170; x_wconf 83' lang='lat' dir='ltr'><strong>repeti</strong></span> <span class='ocrx_word' id='word_1_276' title='bbox 1895 4090 2205 4170; x_wconf 86' lang='lat' dir='ltr'><strong>possunt,</strong></span> <span class='ocrx_word' id='word_1_277' title='bbox 2253 4086 2354 4150; x_wconf 92' lang='lat' dir='ltr'><strong>sic</strong></span> <span class='ocrx_word' id='word_1_278' title='bbox 2394 4106 2587 4151; x_wconf 88' lang='lat' dir='ltr'><strong>unum</strong></span> 
     </span>
     <span class='ocr_line' id='line_1_36' title="bbox 449 4182 2583 4268; baseline -0.002 -16"><span class='ocrx_word' id='word_1_279' title='bbox 449 4192 697 4256; x_wconf 83' lang='lat' dir='ltr'><strong>tantum</strong></span> <span class='ocrx_word' id='word_1_280' title='bbox 740 4184 992 4255; x_wconf 76' lang='lat' dir='ltr'><strong>diserte</strong></span> <span class='ocrx_word' id='word_1_281' title='bbox 1035 4199 1538 4254; x_wconf 83' lang='lat' dir='ltr'><strong>commemorare</strong></span> <span class='ocrx_word' id='word_1_282' title='bbox 1583 4186 1791 4265; x_wconf 83' lang='lat' dir='ltr'><strong>volui,</strong></span> <span class='ocrx_word' id='word_1_283' title='bbox 1837 4202 1966 4267; x_wconf 81' lang='lat' dir='ltr'><strong>quo</strong></span> <span class='ocrx_word' id='word_1_284' title='bbox 2019 4184 2169 4268; x_wconf 88' lang='lat' dir='ltr'><strong>ipse</strong></span> <span class='ocrx_word' id='word_1_285' title='bbox 2214 4186 2349 4250; x_wconf 84' lang='lat' dir='ltr'><strong>Lar</strong></span> <span class='ocrx_word' id='word_1_286' title='bbox 2385 4182 2583 4247; x_wconf 75' lang='lat' dir='ltr'><strong>fami-</strong></span> 
     </span>
    </p>

    <p class='ocr_par' dir='ltr' id='par_1_15' title="bbox 442 4273 2650 4375">
     <span class='ocr_line' id='line_1_37' title="bbox 442 4273 2650 4375; baseline -0.001 -21"><span class='ocrx_word' id='word_1_287' title='bbox 442 4290 626 4355; x_wconf 81' lang='lat' dir='ltr'><strong>liaris</strong></span> <span class='ocrx_word' id='word_1_288' title='bbox 669 4291 765 4355; x_wconf 86' lang='lat' dir='ltr'><strong>ita</strong></span> <span class='ocrx_word' id='word_1_289' title='bbox 801 4289 1077 4375; x_wconf 82' lang='lat' dir='ltr'><strong>loquens</strong></span> <span class='ocrx_word' id='word_1_290' title='bbox 1121 4287 1481 4370; x_wconf 72' lang='lat' dir='ltr'><strong>inducitur,</strong></span> <span class='ocrx_word' id='word_1_291' title='bbox 1525 4288 1713 4371; x_wconf 84' lang='lat' dir='ltr'><strong>quasi</strong></span> <span class='ocrx_word' id='word_1_292' title='bbox 1740 4291 2001 4371; x_wconf 88' lang='lat' dir='ltr'><strong>praeter</strong></span> <span class='ocrx_word' id='word_1_293' title='bbox 2041 4305 2187 4352; x_wconf 88' lang='lat' dir='ltr'><strong>eum</strong></span> <span class='ocrx_word' id='word_1_294' title='bbox 2214 4285 2428 4350; x_wconf 88' lang='lat' dir='ltr'><strong>nullus</strong></span> <span class='ocrx_word' id='word_1_295' title='bbox 2457 4277 2581 4353; x_wconf 62' lang='lat' dir='ltr'><strong>do-&#39;·</strong></span> <span class='ocrx_word' id='word_1_296' title='bbox 2645 4273 2650 4340; x_wconf 79' lang='grc' dir='ltr'>Ῑ</span> 
     </span>
    </p>
   </div>
  </div>
 </body>
</html>
