3013 4888
2437 370 2564 437 1⁰1
2626 437 2633 446 ,

411 525 496 592 R.
527 524 584 607 1,
619 544 681 611 p.
699 524 901 605 ⁴561.)
946 528 1099 609 post
1141 528 1415 589 exactos
1459 539 1664 611 reges
1707 525 2091 613 regiamque
2121 522 2363 590 deinde
2391 529 2554 591 stir-
2616 540 2623 549 ¹

409 646 583 714 pem.
606 627 1022 714 .reip'ublicae
1062 644 1284 692 curam
1317 621 1699 711 'supremam
1744 645 1871 691 non
1912 629 2136 691 statim
2174 626 2397 712 populi
2435 631 2544 693 in·-
2577 693 2589 710 ,
2628 629 2635 640 ’

409 730 697 796 discreto
757 730 1024 794 arbitrio
1065 730 1474 815 permissam,
1516 726 1642 794 sed
1679 731 1949 813 primum
1993 731 2059 793 in
2113 729 2543 813 Valeriam

405 839 674 921 gentem
719 832 923 897 veluti
982 829 1378 896 hereditario
1423 830 1705 915 quodam
1754 833 1898 896 iure
1954 819 2310 897 transiisse
2364 831 2542 898 divi-
2600 919 2603 920 ⁷
2650 883 2653 884 ν

406 933 608 999 navit.
692 934 843 998 Non
884 930 1073 997 modo
1117 932 1288 997 enim
1346 933 1572 1020 regios
1616 931 1900 998 honores
1955 933 2122 999 alios
2185 934 2547 1019 permultos·

403 1035 498 1120 illi
537 1036 726 1123 genti
782 1039 1089 1100 servatos
1134 1034 1258 1099 sed
1299 1023 1527 1122 regias
1571 1032 1778 1099 aedes
1818 1037 2004 1119 ipsas
2031 1034 2351 1100 domicilio
2395 1042 2539 1101 tra-

251 1165 264 1174 ,
353 1175 360 1186 κ
411 1139 586 1205 ditas
632 1157 791 1204 esse
852 1138 1172 1206 videmus
1262 1138 1407 1220 Qua
1462 1141 1531 1204 in
1583 1156 1658 1203 re
1710 1156 1917 1227 aegre
1972 1156 2186 1223 paene
2245 1139 2537 1222 ferimus,
2660 1197 2664 1205 .

406 1242 577 1329 quod
615 1241 1037 1308 Niebuhrium
1081 1241 1163 1306 ab
1210 1241 1421 1314 altera
1477 1247 1668 1327 parte
1723 1246 1855 1305 tam
1900 1242 2161 1305 exime·
2188 1240 2377 1304 nobis
2423 1239 2535 1304 fa-

400 1349 662 1412 ventem
705 1343 1041 1411 ab'altera
1082 1343 1539 1410 adversarium
1585 1345 2034 1418 nanciscimur.
2125 1342 2296 1406 Nam
2334 1342 2535 1431 longe

401 1450 593 1514 aliter
635 1454 864 1533 atque
859 1447 1051 1512 illum
1105 1450 1209 1528 (in
1271 1445 1777 1512 adumbratione
1822 1446 1950 1510 fori
1995 1446 2302 1527 Romani,
2357 1444 2534 1530 apud

271 1539 274 1546 ’
398 1554 687 1618 Bunsen.
746 1548 882 1618 rell.
925 1553 1258 1636 Descript.
1321 1554 1510 1617 Rom.
1554 1553 1630 1615 T.
1673 1551 1794 1632 111,
1838 1551 1889 1616 1.
1937 1573 1998 1637 p.
2038 1552 2248 1682 ⁶4⁰).
2231 1556 2373 1616 eius
2417 1569 2587 1615 1·e-‘v

397 1658 616 1743 gionis
660 1654 827 1720 fines
873 1653 1258 1721 describere
1297 1673 1424 1719 nos
1459 1660 1662 1739 patet.

1273 1820 1489 1907 Cap.
1537 1826 1668 1894 1⁷.

486 1945 1062 2020 Continuatur
1111 1947 1369 2029 caput
1423 1944 1909 2029 proximum.
1954 1938 2447 2059 Descriptio

579 2101 584 2105 .
684 2045 1077 2113 Summae
1122 2039 1455 2122 Sacrae
1504 2041 1710 2110 Viae
1757 2047 1836 2109 et
1869 2041 2246 2128 r‘eyionis

1112 2149 1350 2214 circa
1423 2144 1780 2213 Veliam.
2236 2155 2243 2170 “

371 2313 380 2318 -
597 2262 875 2329 Sacram
918 2238 1087 2328 enim
1112 2259 1316 2330 Viam«
1342 2265 1532 2327 iuxta
1571 2261 1940 2327 Palatinum
1982 2267 2257 2326 montem
2299 2267 2367 2326 et
2395 2262 2527 2326 Ve-

397 2367 548 2432 liam
589 2384 826 2431 versus
862 2364 1247 2452 Capitolium
1281 2355 1335 2431 ‘a
1361 2364 1600 2430 dextra
1643 2368 1791 2430 sive
1835 2363 2132 2430 orientali
2178 2364 2303 2429 fori
2341 2371 2529 2451 parte
2609 2430 2623 2439 ,

393 2469 765 2536 tetendisse
792 2487 1167 2546 censemuS‚
1213 2470 1306 2533 ita
1348 2475 1416 2532 ut
1445 2471 1658 2552 ipsam
1696 2485 2007 2534 summam
2036 2466 2289 2533 Veliam
2318 2468 2454 2533 foro
2480 2486 2526 2531 >a
2584 2554 2592 2558 η

393 2571 665 2635 meridie
707 2574 1161 2651 imminentem,
1206 2587 1494 2634 ascensu
1527 2570 1759 2635 acclivi
1804 2570 1885 2632 ab
1923 2572 2172 2632 oriente
2200 2577 2537 2658 tangeret..
2610 2618 2615 2629 ,
2708 2570 2713 2579 ’

392 2677 586 2763 Hanc
630 2662 1023 2741 Summam
1067 2674 1407 2741 Sacram
1448 2676 1681 2740 Viam
1723 2674 1997 2755 dictam,
2057 2694 2228 2760 quae
2269 2679 2329 2740 si
2374 2676 2523 2740 edi-

392 2785 528 2843 tum
565 2777 799 2843 Veliae
847 2778 1071 2842 collem
1116 2779 1198 2841 ab
1247 2796 1489 2842 occasu
1535 2779 1664 2861 ipsi
1711 2778 2140 2840 imminentem
2196 2795 2524 2862 respexe-

390 2882 508 2960 riS,
539 2886 721 2944 recte
746 2899 836 2942 su
859 2879 896 2942 b
917 2876 987 2942 Ὗ
1005 2878 1114 2941 eli
1133 2897 1173 2941 a
1216 2875 1488 2941 dicatur.
1540 2875 1708 2957 ‘Qua
1736 2895 1878 2941 cum
1909 2878 2260 2956 sententia,
2284 2894 2523 2963 quam-

390 2985 496 3045 vis
541 2981 694 3045 alibi
741 2978 1128 3061 dissentiat,
1175 2981 1692 3044 consentientem
1736 2976 2056 3056 habemus
2097 2978 2517 3045 Bunsenium.

386 3085 560 3149 Nam
614 3091 795 3149 recte
849 3084 960 3147 ille
1014 3081 1273 3167 quidem
1333 3082 1745 3148 Summam
1778 3080 2120 3148 Sacram
2164 3083 2396 3148 Viam
2454 3090 2522 3147 et

388 3187 791 3252 Summam
834 3185 1148 3250 Veliam
1193 3186 1396 3270 probe
1441 3178 1913 3263 discernendas
1976 3184 2135 3246 esse
2177 3191 2396 3249 monet
2438 3184 2515 3264 (l.
2564 3201 2569 3206 ’

177 3286 182 3291 ’
265 3362 270 3367 ,
321 3362 336 3377 ἱ
387 3286 428 3349 l.
476 3305 536 3368 p.
566 3283 709 3362 81.)
755 3287 1066 3371 attigisse
1111 3291 1327 3347 tamen
1372 3302 1519 3346 eam
1567 3291 1633 3347 et
1676 3302 1875 3365 super
1903 3290 2153 3365 partem
2195 3285 2339 3345 eius
2373 3282 2516 3346 col·
2566 3323 2570 3329 -

386 3388 471 3452 lis
501 3394 606 3458 xtte
617 3334 919 3449 audisse&
916 3405 975 3468 p.
1008 3403 1106 3468 sq.
1135 3387 1281 3467 ipse
1322 3387 1433 3448 ait
1489 3382 1832 3461 lamuel-‚0
1878 3397 2267 3467 quamquam
2287 3385 2514 3449 Asco-

387 3493 536 3554 nius
596 3487 682 3551 ad
741 3484 874 3550 Cic.
925 3485 1061 3549 Pis.
1104 3484 1207 3548 22.
1263 3488 1342 3551 L.
1397 3486 1665 3572 Hygino
1718 3492 1894 3550 teste
1949 3488 2015 3550 in
2076 3487 2238 3552 libro
2295 3489 2514 3572 priore

390 3591 473 3656 de
535 3591 693 3653 siris
748 3588 945 3652 claris
991 3589 1349 3652 Varronem
1405 3587 1671 3653 tradere
1723 3589 1966 3670 refert,
2010 3570 2169 3671 ,,Μ.
2208 3586 2512 3679 Valerio,

349 3680 540 3780 'quia
581 3693 851 3775 saepius
912 3695 1194 3772 uicerat,
1253 3691 1459 3757 aedes
1519 3696 1586 3757 in
1630 3692 1883 3758 Palatio
1947 3695 2260 3774 tributas,
2317 3700 2417 3759 et
2431 3679 2506 3759 P.

313 3792 342 3803 ““
383 3794 730 3862 Valerio
778 3791 1002 3856 Volesi
1045 3793 1194 3858 filio
1214 3794 1585 3879 Poplicolae
1626 3794 1881 3858 aedes
1927 3795 2316 3879 publicas
2360 3796 2506 3860 sub
2584 3812 2595 3823 ²

383 3901 442 3964 V
460 3897 661 3978 elia,
701 3895 807 3959 ubi
853 3913 1022 3960 nunc
1064 3896 1346 3961 Aedes
1386 3898 1839 3962 Victoriae
1885 3905 2022 3978 est,
2077 3896 2376 3981 populum
2420 3916 2506 3962 ex

381 4001 569 4086 lege,
629 4013 821 4081 quam
876 3996 1021 4079 ipse
1077 3996 1347 4077 tulerat,
1381 3999 1899 4070 “concessisse“:
1957 4016 2084 4061 non
2131 4005 2346 4062 tamen
2394 3982 2505 4079 id‘-

386 4106 558 4167 circo
619 4101 995 4164 Bunsenius
1042 4100 1212 4164 Livii
1269 4101 1498 4163 sanum
1553 4100 1760 4164 locum
1805 4086 1929 4182 (ΙΙ,
1972 4103 2073 4180 7.)
2129 4104 2503 4169 coniectura
2558 4098 2565 4107 ’

385 4212 641 4270 tentare
680 4203 962 4267 debebat
1006 4238 1088 4250 -
1133 4222 1519 4288 quamquam
1549 4222 1692 4267 eam
1718 4207 1925 4288 ipsum
1965 4206 2090 4268 iam
2138 4205 2500 4287 improbare

385 4307 581 4375 video
625 4307 691 4370 in
735 4304 1060 4381 addendis
1105 4308 1180 4372 T.
1225 4305 1360 4389 111,
1393 4327 1464 4392 p.
1512 4306 1657 4370 657.
1702 4308 1787 4355 -“-
1871 4309 2102 4374 Livius
2141 4310 2312 4387 enim
2376 4326 2540 4377 ae-.
