3013 4888
2454 285 2582 368 113

397 473 410 498 r
442 448 536 513 vii
577 464 724 513 cnm
761 447 998 529 interp.
1043 443 1231 512 Lion.
1267 439 1621 515 consensio
1661 435 1960 523 fidesque
2000 435 2281 508 Varroni
2309 441 2393 510 ab
2436 440 2584 529 ipso

442 567 649 638 aegre
701 548 943 614 habita.
1027 546 1221 632 Haec
1280 546 1451 609 enim
1504 542 1617 609 ille
1660 541 1832 608 male
1876 540 2254 620 credulusl.
2289 544 2333 612 1.
2371 545 2587 619 addit:

442 652 603 736 „Dii
633 654 856 739 magni
885 658 1066 717 sunt.
1107 650 1494 734 Jupiter,
1528 646 1774 727 Juno,
1813 645 2222 729 Minerva,
2264 648 2586 716 Mercu-
2625 668 2628 671 ’

439 759 561 821 riu
581 777 639 836 S,
684 756 793 839 qui
820 756 1073 820 Romae
1099 753 1500 819 colebantur.
1543 749 1710 814 Pen
1730 755 1918 814 ates
1955 767 2111 815 vero
2140 751 2350 837 apud
2374 754 2586 819 Lau-

381 845 963 928 'rolaviniutm
1064 855 1299 941 Unde
1349 859 1738 940 apparet,
1811 871 1965 949 non
2027 871 2222 920 esse
2275 860 2585 924 unum.“

437 963 703 1034 Rursus
746 962 1108 1026 Varronem
1146 961 1462 1026 Lavinios
1513 956 1676 1022 deos
1718 963 1996 1041 penates
2034 956 2388 1043 habuisse,
2434 964 2582 1048 ipse

440 1067 637 1129 testis
696 1070 803 1129 est
857 1064 935 1130 L.
971 1064 1048 1128 L.
1100 1062 1189 1143 V,
1228 1055 1371 1128 144.
1433 1057 1616 1126 Add.
1671 1060 1903 1142 interp.
1948 1059 2136 1124 Lion.
2183 1059 2270 1126 ad
2314 1063 2584 1145 Aen.‘I,

438 1165 588 1233 378.
631 1165 825 1232 Serv.
867 1164 954 1230 ad
980 1167 1062 1234 A.
1095 1163 1216 1246 ΙΙΙ,
1260 1164 1406 1231 146.
1451 1160 1674 1241 Schol.
1711 1162 1951 1238 Veron.
1982 1160 2066 1226 ad
2098 1165 2267 1228 Aen.
2301 1164 2388 1247 Π,
2416 1170 2578 1237 717.

436 1267 673 1354 Itaque
709 1270 798 1344 u't,
823 1269 1089 1334 eosdem
1115 1268 1402 1354 Magnos
1427 1266 1637 1347 Deos,
1674 1264 1966 1330 fortasse
1998 1266 2270 1331 Terram
2306 1275 2374 1333 et
2401 1268 2584 1336 Coe-

435 1371 570 1437 lum
613 1374 1133 1452 existimaverit,
1189 1370 1591 1438 necessario.
1621 1367 1920 1432 efficitur.
2006 1366 2251 1434 Contra
2295 1374 2404 1457 qui
2432 1374 2582 1440 Ro-

434 1493 585 1540 mae
646 1477 714 1541 in
755 1476 814 1540 V
820 1471 947 1541 elia
1002 1479 1314 1559 separato
1368 1471 1605 1556 templo
1652 1470 1814 1538 ⁴culti
1870 1477 2061 1547 sunt,
2116 1470 2241 1570 hos
2286 1474 2609 1542 Penates.

439 1580 522 1643 ab
564 1580 799 1644 Aenea
839 1578 1075 1643 allatos
1112 1595 1241 1642 non
1285 1574 1654 1642 credidisse
1699 1587 1848 1639 eum
1889 1574 2029 1641 coll.
2075 1577 2150 1641 L.
2191 1579 2266 1644 L.
2299 1580 2382 1657 V,
2428 1581 2578 1665 144,

330 1704 344 1717 ¹
436 1679 547 1744 ubi
607 1681 932 1764 Latinius
998 1684 1341 1743 nostros
1413 1682 1775 1761 penates
1842 1675 2163 1759 appellat,
2227 1685 2431 1762 patet.
2490 1719 2579 1734 --

437 1780 623 1862 Quos
667 1790 885 1848 tamen
928 1784 1111 1882 ipsos
1126 1780 1577 1877 ‘Magnorum
1592 1778 1882 1843 Deorum
1919 1796 2187 1845 numero
2230 1781 2580 1856 adscribe-

302 1882 317 1896 ⁸
435 1903 513 1949 re
570 1903 783 1970 aeque
836 1888 1076 1970 potuit,
1149 1881 1473 1969 siquidem
1509 1880 1743 1947 Italiae
1799 1887 1864 1947 et
1907 1883 2100 1952 Latio
2142 1902 2290 1950 cum
2326 1885 2576 1955 Samo-
2614 1895 2621 1900 “

434 1987 691 2054 thracia
734 1992 929 2054 etiam
974 1988 1121 2052 aliis
1164 1988 1295 2052 viis
1339 1987 1793 2052 commercium
1835 1987 2310 2054 intercessisse
2350 2008 2392 2055 a
2424 1994 2577 2077 qui-

243 2111 246 2118 *
357 2166 362 2170 ,
432 2093 713 2158 busdam
775 2091 1087 2157 creditum
1151 2089 1732 2154 animadvertimus
1777 2089 1896 2169 (cf.
1939 2107 1994 2153 c.
2049 2089 2184 2169 14).
2271 2093 2417 2158 Nos
2463 2100 2576 2159 ta-
2704 2182 2710 2192 ·

433 2213 584 2261 men
625 2202 697 2260 ut
732 2196 1053 2259 Lavinius
1091 2198 1371 2279 penates
1411 2182 1778 2257 Dioscuros
1823 2196 1937 2270 aut
1975 2191 2323 2259 Dioscuris
2362 2198 2572 2263 simil-

431 2297 589 2362 lima
643 2298 907 2362 numina
959 2295 1172 2360 fuisse
1236 2287 1629 2370 censeamus
1673 2293 1911 2356 nummi
1950 2292 2201 2360 faciunt
2239 2296 2308 2360 in
2350 2315 2574 2365 eorum

433 2402 710 2493 figuram
768 2401 1093 2486 percussi.
1198 2398 1344 2463 Hos
1404 2398 1573 2468 enim
1632 2412 1751 2462 eos
1804 2412 1994 2478 esse,
2053 2399 2162 2482 qui
2204 2401 2274 2464 in
2315 2419 2570 2471 nummo

432 2507 658 2592 gentis
703 2506 949 2569 Antiae
994 2502 1505 2584 (Morell.·Fam.
1536 2501 1723 2565 Rom.
1768 2519 1828 2564 n.
1858 2500 1960 2580 2.)
2008 2504 2330 2586 capitibus
2369 2507 2575 2594 iuga-

430 2606 521 2670 tis
560 2605 647 2677 ‘et
694 2603 1011 2677 laureatis
1072 2603 1557 2686 conspiciuntur
1615 2600 1791 2683 „Dei
1848 2599 2188 2671 Penates«
2227 2607 2571 2694 inscripto,
2661 2621 2673 2632 “

350 2763 376 2781 x
432 2705 589 2769 item
625 2705 691 2767 in
728 2703 856 2767 alio
896 2705 1119 2791 gentis
1163 2703 1479 2766 Fonteiae
1521 2701 1731 2765 literis
1765 2700 1837 2765 Ρ.
1876 2699 1949 2764 Ρ.
1990 2708 2058 2766 et
2083 2701 2420 2790 Sulpiciae
2469 2713 2572 2781 sie

397 2805 697 2895 (signato
756 2806 840 2871 D.
893 2806 968 2871 P.
1026 2804 1139 2888 P.,
1209 2811 1478 2885 certum·
1510 2810 1671 2885 est„
1721 2803 2043 2870 Eiusdem
2099 2809 2264 2887 enim
2325 2829 2570 2880 aversa

434 2930 594 2997 pars
643 2909 909 2998 exhibet
956 2927 1141 2975 suem
1175 2910 1521 2987 Lavinium
1568 2926 1711 2973 cum
1755 2910 2025 2996 triginta
2048 2913 2352 2996 porculis,
2444 2917 2573 2999 Qui

411 3006 650 3077 'tamen
696 3030 840 3076 cum
884 3010 1258 3098 Borghesio
1300 3011 1474 3076 Dec:
1506 3011 1800 3076 numism.
1844 3011 1908 3094 6,
1947 3002 2011 3076 n.
2041 3008 2103 3078 ⁷.
2132 3031 2251 3080 eas
2279 3017 2585 3087 litteras:

428 3115 583 3181 Diis
642 3115 1022 3189 Penatibus
1061 3115 1502 3181 Praestitibus
1575 3116 2124 3199 interpretantur,
2197 3125 2271 3184 ut
2325 3121 2568 3189 Furla-

427 3220 653 3278 nettus
712 3214 800 3279 ad
853 3215 1127 3280 For-cell.
1187 3214 1428 3296 Thess,
1497 3216 1603 3279 cui
1661 3213 1830 3278 banc
1881 3217 2177 3280 notitiam
2202 3270 2206 3281 ,
2230 3217 2566 3307 debemuS,

427 3314 791 3383 inauditam
841 3319 1182 3387 commenti
1245 3317 1776 3399 compositionem
1821 3317 2017 3381 simili
2056 3338 2200 3384 cum
2240 3321 2566 3409 Dionysio

430 3434 657 3485 errore
725 3419 897 3503 lapsi
965 3425 1136 3483 sunt.
1231 3418 1448 3483 Lares
1517 3418 1688 3481 enim
1743 3418 2232 3488 Praestites
2288 3426 2565 3513 Romae,

343 3604 348 3615 ,
426 3522 798 3587 Penates
825 3498 1326 3584 Praestites
1342 3534 1665 3601 nusquam
1688 3518 1962 3584 fuerunt.
2041 3523 2187 3589 Nec
2215 3525 2566 3612 quidquam

428 3625 770 3711 proficiunt
811 3622 896 3689 ad
938 3623 1166 3691 Aurel.
1200 3624 1372 3689 Vict.
1415 3620 1499 3687 de
1543 3624 1708 3711 orig.
1751 3630 1929 3712 gent.
1973 3627 2163 3692 Rom.
2203 3646 2259 3694 c.
2295 3633 2376 3697 13
2401 3653 2564 3718 pro-

426 3748 469 3794 ι
463 3732 794 3805 ocantes..
850 3724 1031 3790 Nihil
1067 3728 1236 3791 enim
1275 3726 1408 3792 illic
1446 3725 1723 3815 legitur,
1783 3728 1914 3791 nisi
1955 3735 2109 3794 nota
2155 3731 2239 3796 de
2279 3736 2583 3829 scropha

363 3896 368 3901 f
425 3828 690 3907 Albana
756 3829 1020 3910 fabula,
1075 3827 1310 3896 addita
1373 3832 1760 3896 inconcinna
1813 3830 2158 3908 Penatium
2212 3839 2558 3906 mentione.

429 3933 784 3999 Caeterum
843 3938 1021 3997 totus
1082 3931 1189 3998 bic
1246 3935 1519 4018 pessimi
1574 3935 1914 4018 scriptoris
1957 3935 2140 4001 locus
2184 3939 2559 4009 mendosus,

331 4088 336 4089 f
426 4034 663 4120 Itaque
710 4034 975 4101 litterae
1024 4037 1265 4099 nummi
1321 4042 1436 4100 aut
1491 4036 1645 4101 Diis
1699 4036 2058 4102 Penatibus
2097 4039 2388 4108 Publicis
2428 4062 2560 4110 ex·-

426 4141 809 4226 plicandae,
867 4148 983 4207 aut
1024 4139 1635 4228 quomodocunque,
1688 4140 1840 4207 dum
1881 4161 1967 4209 ne
2001 4144 2397 4212 Praestitum
2433 4169 2562 4216 no·-

357 4246 365 4267 ³
413 4260 580 4315 ,men
619 4245 978 4311 Penatibus
1018 4264 1294 4331 prorsus
1334 4243 1618 4311 alienum
1646 4242 1884 4312 'invitis
1925 4245 2055 4313 diis
2090 4249 2497 4337 inculcetur-k
