3013 4888
2427 371 2543 452 85Ἰ

376 556 458 603 eo
496 543 826 616 sanatur,
865 537 1118 602 celatur
1174 538 1429 633 magis,
1486 533 1661 621 quod
1709 514 2124 601 aliis-'tamen
2183 536 2344 601 loeis
2393 557 2522 622 pu-
2546 531 2571 576 5

321 639 582 706 ·blieos
626 640 840 703 fuisse
880 646 1161 724 penates
1219 641 1302 705 ab
1349 641 1582 730 Aenea
1636 644 1862 723 raptos
1920 637 2217 704 indicare
2273 638 2521 708 studet.
2608 683 2625 712 2

321 742 522 823 [Quo
567 760 694 806 non
743 741 931 805 modo
976 741 1261 805 referam
1301 738 1456 818 vn,
1506 739 1665 803 121:
1722 787 1766 820 „
1793 741 2102 824 Vosque,
2143 744 2272 823 ait,
2327 761 2366 806 o
2408 739 2520 805 fidi

376 846 687 938 'ljroiae
745 844 1004 907 salvete
1061 843 1500 930 l'enates“
1557 849 1626 907 et
1681 843 1766 923 V,
1804 844 1962 908 632:
2020 862 2116 925 „o
2185 843 2398 927 patria
2453 847 2521 907 et

374 945 545 1031 rapti
605 944 1043 1030 nequidquam
1119 963 1206 1009 ex
1264 941 1461 1009 hoste
1518 946 1986 1028 Penat‘es‘ss
2043 943 2168 1011 sed
2226 937 2521 1031 apertius

255 1095 265 1112 „
375 1051 598 1127 etiam,
645 1065 918 1131 quocum
957 1051 1237 1110 eventus
1284 1045 1478 1131 plane
1523 1051 1798 1134 pugnat,
1846 1045 2203 1111 Hectorem
2248 1062 2368 1130 per
2407 1047 2520 1110 in-

378 1152 693 1214 somnium
733 1152 1010 1214 Aeneae
1055 1151 1268 1214 visum
1313 1144 1414 1214 'sie
1450 1147 1994 1232 interloquentem
2037 1149 2247 1246 facit:¹

582 1267 756 1337 Sacra
796 1251 1583 1353 suosque-iibvcommendat
1621 1285 1835 1335 Troia
1868 1290 2162 1351 penates

583 1374 699 1442 Ilus
733 1386 863 1437 cape
896 1371 1211 1436 satorum
1246 1369 1578 1433 comites,
1616 1357 1697 1419 his
1725 1368 1988 1418 moenia
2021 1382 2214 1434 quaere

583 1457 781 1520 Mamm
815 1462 1094 1521 pererrato
1132 1460 1398 1505 statues
1433 1467 1608 1520 quae
1646 1453 1936 1520 denique
1969 1459 2150 1520 ponto.

374 1573 685 1637 Voluisse
709 1578 930 1636 tamen
960 1570 1126 1638 haec
1155 1573 1506 1660 Virgilium
1531 1579 1790 1637 mutare.
1814 1574 1944 1638 nisi
1962 1573 2314 1653 ,immatura
2339 1589 2522 1638 mor·
2626 1659 2631 1662 .

321 1714 325 1718 -
375 1682 444 1756 te
488 1673 802 1755 abreptus
846 1678 1067 1752 esset,
1109 1690 1190 1748 eo
1234 1674 1451 1758 magis
1496 1672 1788 1754 confido,
1833 1672 2005 1758 quod
2051 1689 2196 1736 eum
2239 1673 2520 1756 potissi-

376 1793 546 1837 mum
584 1772 826 1852 locum,
870 1773 981 1836 ubi
1028 1775 1089 1837 si
1131 1791 1410 1856 usquam
1451 1773 2047 1848 mentio‘facienda
2087 1780 2232 1838 erat
2275 1771 2519 1837 ser‘va-
2628 1757 2631 1762 ”

373 1863 584 1941 torum
639 1876 978 1941 Penatium
1024 1878 1230 1957 (Aen.
1276 1874 1381 1958 H,
1419 1874 1874 1958 ,ΒΜ-589),
1934 1877 2238 1962 qnoniam
2295 1876 2521 1940 statim

375 1986 531 2065 post
554 1980 638 2045 ab
668 1997 825 2044 arce
869 1985 938 2044 et
980 1982 1170 2067 regia
1216 1977 1472 2044 domum
1499 1980 1938 2068 refugientem
1984 1978 2171 2067 fingit
2197 1979 2527 2058 Aeneam,
2614 1971 2635 1985 ²

376 2088 705 2152 resectum
762 2101 804 2146 a
846 2083 1050 2147 Vario
1115 2088 1182 2148 et
1227 2082 1450 2148 Tucca
1499 2082 1767 2148 tradunt
1821 2084 1977 2163 (sic.
2030 2079 2175 2147 cod.
2222 2078 2525 2160 Dorvill.,

378 2184 589 2272 gloss.
648 2181 889 2264 Cortii,
943 2182 1225 2249 Servius
1280 2182 1504 2262 Fuld.)
1592 2183 1908 2248 Notatum
1955 2184 2160 2270 igitur
2213 2198 2362 2245 eum
2414 2180 2522 2244 lo-

310 2302 319 2313 ·
380 2305 525 2352 cum
562 2288 690 2349 iam
736 2287 947 2370 ipsius
1003 2292 1241 2370 poetae
1282 2303 1510 2367 manu,
1570 2284 1725 2351 mihi
1775 2284 2034 2372 quidem
2090 2288 2339 2350 certum
2392 2281 2527 2364 est,

275 2426 282 2432 -
382 2390 493 2474 qui
542 2394 990 2476 argumentum
1033 2387 1192 2453 illud
1231 2386 1576 2474 postmodo
1609 2394 2090 2455 retractaturus
2128 2375 2387 2453 interim
2412 2378 2532 2452 hi-'

381 2499 558 2558 atum
603 2493 911 2556 versibus
969 2482 1194 2577 parum
1242 2491 1329 2556 ad
1381 2509 1521 2555 rem
1578 2493 2055 2575 pertinentibus
2115 2490 2523 2575 expleverat.
2626 2484 2642 2495 '⁴

379 2594 692 2682 vestigia
747 2600 964 2657 autem
1024 2590 1540 2657 adumbrationis
1596 2591 1829 2673 illius,
1861 2611 1991 2678 qua
2058 2599 2292 2676 postea
2345 2592 2529 2657 vivis-

384 2694 711 2760 eoloribus
753 2698 995 2756 exacta
1037 2698 1491 2779 repugnantes
1537 2691 1798 2757 fabulas
1839 2694 2335 2777 consociaturns
2371 2692 2526 2756 fue-
2638 2776 2649 2783 ἢ

382 2800 506 2874 rit,
548 2797 615 2860 in
658 2813 737 2860 eo
782 2797 929 2879 ipso
973 2794 1115 2860 loco
1158 2792 1659 2878 deprehendere
1692 2793 1849 2859 mihi
1893 2792 2159 2875 videor,
2222 2795 2332 2859 ubi
2375 2792 2526 2860 He-

359 2905 633 2967 ctorem
659 2916 806 2964 cum
840 2899 1070 2961 Aenea
1101 2899 1332 2960 somnii
1361 2896 1653 2984 imagine
1689 2897 2055 2983 loquentem
2091 2897 2269 2962 facit.
2355 2872 2526 2963 Nam

383 3005 452 3067 in
494 3003 661 3066 atrio
710 2991 942 3088 regiae
984 3002 1169 3064 iuxta
1216 3000 1469 3066 Vestae
1539 3000 1752 3066 focum
1797 3008 1865 3066 et
1909 3000 2208 3085 publicos
2236 3005 2528 3084 penates

387 3111 888 3170 commorantem
933 3104 1060 3167 sibi
1109 3101 1313 3167 rideri
1359 3103 1655 3167 Aeneam
1683 3104 2036 3167 manifeste
2081 3101 2530 3167 demonstrant
2567 3098 2575 3105 “

317 3206 322 3209 ’
385 3227 451 3270 v.
508 3206 658 3268 296.
718 3224 858 3289 sq.,
929 3207 1037 3270 ubi
1097 3196 1352 3269 Hector
1414 3203 1840 3269 discessurus
1895 3202 2251 3284 „manibus
2326 3204 2528 3265 vittas
2594 3246 2601 3265 ι

388 3306 812 3387 Vestamque¹
864 3311 1192 3387 potentem
1258 3309 1729 3387 aeternumque
1787 3300 2008 3386 adytis
2077 3303 2531 3385 effert-pene-

388 3407 667 3473 tralibus
699 3406 987 3493 ignem.“
1076 3401 1246 3482 Quid
1294 3405 1516 3490 igitur,
1561 3406 1620 3467 si
1668 3422 1894 3468 somno
1942 3403 2308 3483 divinasse,
2353 3401 2529 3487 qnod

389 3513 559 3595 post,
589 3514 971 3570 eventurum
1023 3510 1245 3585 esset,
1301 3506 1601 3573 Aeneam
1657 3504 1908 3592 fingere
1953 3501 2212 3570 voluit?
2268 3505 2422 3591 quid
2469 3507 2531 3571 si

391 3613 587 3700 regia
630 3615 828 3692 capta
884 3614 952 3674 et
1004 3608 1281 3673 incensa
1326 3628 1444 3693 per
1489 3607 1741 3673 medios
1788 3605 2018 3673 hostes
2066 3616 2135 3674 et
2174 3610 2370 3698 ignes
2425 3607 2531 3672 di-

390 3715 639 3778 vinitus
685 3712 960 3795 abrepta
1003 3717 1071 3775 et
1114 3714 1177 3775 in
1210 3710 1549 3799 Anchisae
1578 3708 1941 3794 penetralia
1987 3716 2256 3774 servata
2296 3724 2535 3773 narra-

280 3858 293 3868 -
392 3825 580 3889 turns
620 3809 811 3878 erat?
857 3814 949 3879 At
990 3850 1076 3861 —-
1118 3832 1373 3878 manum
1437 3813 1524 3878 de
1567 3813 1829 3893 tabula,
1887 3829 1972 3877 ne
2017 3812 2272 3899 Virgilii
2326 3829 2536 3898 argn-

395 3925 615 3984 menta
657 3916 1082 4004 refingentes‚
1128 3919 1321 3999 quasi
1368 3914 1694 3999 quendam
1738 3914 1985 3978 Peliam
2024 3915 2284 3978 funesto
2325 3910 2536 3976 aheno

398 4022 575 4086 sacri
623 4021 966 4101 carminis,
1010 4024 1081 4081 ut
1117 4017 1306 4096 illae,
1366 4017 1548 4082 obliti
1593 4019 1839 4081 frustra
1886 4033 2243 4100 recoquere
2297 4011 2544 4078 videa-

396 4142 558 4188 mur.
591 4112 696 4169 —*
738 4118 908 4185 Eam
942 4124 1124 4184 certe
1150 4110 1536 4181 medicinam
1569 4136 1698 4182 non
1740 4115 2040 4199 admittit,
2086 4134 2276 4202 quem
2303 4115 2539 4198 Hey-

400 4224 588 4299 nius
636 4222 746 4286 ex'
788 4206 1089 4286 fabuloso
1122 4220 1241 4285 ‘illo
1299 4227 1625 4306 nugatore
1669 4219 1913 4303 Dictye
1958 4218 2111 4301 (lv,
2156 4220 2296 4298 1⁷.)
2354 4235 2538 4282 com·
2572 4257 2591 4269 κ

403 4322 705 4411 parabat.
768 4320 941 4389 Exc.
1001 4321 1126 4388 ad:-
1155 4321 1299 4391 Lib.
1341 4320 1446 4400 Π,
1504 4322 1673 4387 Aen.
1719 4319 1845 4388 lx.
1928 4321 2312 4387 Tamenetsi
2373 4317 2543 4384 enim

2200 4544 2239 4565 x.
