3013 4888
259 270 264 276 ’
365 298 620 364 *110*

189 1461 192 1470 ‹
232 1430 282 1487 6

446 420 1163 532 tiquam-graecum?
1195 442 1347 511 sive
1402 446 1699 526 prompta
1750 442 1819 506 in
1863 427 2336 514 vetustissimis
2379 442 2611 510 Italo&

445 568 586 615 rum
651 546 1080 616 monumentis
1136 544 1537 634 confusione
1597 562 1716 627 pro
1775 544 1842 609 lt
1897 547 2177 629 positum
2226 545 2355 627 (cf.
2420 548 2594 611 enim
2645 603 2649 611 s

447 652 701 719 Miiller.
752 649 848 732 de
878 647 1158 714 Etrusc..
1192 644 1259 727 1,
1283 647 1431 743 7.),
1477 646 1602 728 erit
1643 644 1995 729 MANER,
2037 647 2221 733 quae
2248 668 2381 713 vox
2417 650 2596 726 nulla

227 769 228 772 ’
354 782 357 786 ’
450 774 560 837 re,
616 756 743 818 nisi
790 745 1053 816 dialecti
1102 755 1216 814 aut
1261 749 1615 813 vetustatis
1659 747 2034 832 discrimine
2067 752 2157 815 ab.
2181 753 2425 816 usitata
2453 752 2596 817 for·
2690 727 2701 770 ³

448 878 556 927 ma
595 847 919 924 MA'NES
960 853 1187 947 distat,
1277 850 1467 932 Quae
1510 854 1891 937 inscriptio,
1930 858 2425 943 quamegregie
2454 875 2596 921 cum
2652 891 2689 939 x·

351 1031 353 1033 ,
448 964 691 1055 Larum
748 960 1145 1023 Praestitum
1207 960 1443 1020 natura
1502 962 1871 1041 congruat,
1924 974 2013 1022 ex
2055 960 2141 1022 iis
2186 975 2356 1041 quae
2399 949 2617 1024 Libro‘

369 1062 390 1068 “
452 1062 503 1129 1.
548 1059 707 1148 Cap.
739 1062 857 1126 114.
905 1060 1425 1145 disputavimuS,
1460 1060 1643 1123 satis
1690 1066 1987 1144 apparet.
2077 1063 2222 1128 Nec
2252 1062 2600 1126 obscurum
2694 1115 2698 1126 .

349 1217 356 1223 .
454 1175 613 1231 esse
658 1164 937 1249 amplius
980 1163 1234 1246 potest,
1297 1158 1614 1242 quomodo
1660 1158 2029 1245 Dionysius
2052 1208 2073 1243 ,
2086 1164 2225 1246 qui
2243 1182 2295 1226 a
2330 1164 2605 1227 sinistra

457 1263 545 1330 ad
608 1263 910 1329 dextram
972 1260 1176 1326 verba
1216 1259 1477 1347 legeret
1518 1260 1883 1326 litterarum
1926 1262 2349 1328 similitudine
2394 1262 2601 1330 dece-

454 1374 608 1456 ptus
661 1365 985 1430 ΔΕΝΑΣ
1036 1364 1455 1446 interpretari
1513 1365 1812 1449 potuerit.
1914 1365 2085 1429 Nam
2139 1365 2203 1430 D
2243 1366 2515 1431 latinum
2559 1365 2601 1432 d
2690 1409 2695 1412 =

458 1467 774 1550 credidit,
830 1468 1086 1533 literam
1127 1466 1201 1531 M
1249 1471 1502 1547 autem,
1544 1483 1789 1550 quam
1780 1467 1866 1530 in
1906 1469 2176 1554 graecis
2220 1467 2603 1553 inscriptio-

455 1575 653 1642 nibus
713 1570 1107 1657 pervulgato
1160 1588 1286 1633 usn
1341 1568 1400 1628 Σ
1438 1565 1815 1655 significare
1867 1569 2308 1651 meminisset,
2359 1590 2503 1656 >pro
2528 1570 2604 1637 ἶ8

464 1678 780 1760 scriptam
839 1666 996 1739 es‘se
1042 1672 1346 1755 opinatus
1393 1678 1519 1737 est.
1591 1672 1755 1737 Hoc
1799 1676 2020 1737 tamen
2067 1688 2330 1758 semper
2379 1676 2607 1739 mirum

458 1777 797 1858 videatur„
850 1771 1019 1859 qood
1062 1774 1433 1858 Dionysius
1477 1774 1693 1839 Lares
1736 1772 1881 1839 hos-
1909 1793 2026 1859 pro
2071 1776 2415 1841 Aeneae
2455 1795 2606 1862 pe·
2672 1795 2679 1804 ‘¹

463 1882 800 1947 natibus
854 1878 1101 1965 habere
1143 1878 1461 1960 potuerit,
1526 1879 1841 1961 quamvis
1870 1876 2049 1942 idem
2089 1878 2280 1944 modo
2310 1883 2417 1961 (c.
2459 1870 2605 1959 6⁷.)
2684 1953 2695 1960 N

460 1987 529 2072 ¹ei
585 1981 848 2048 fabulae
905 1978 1096 2048 fidem
1154 1977 1537 2066 habuisset,
1598 1995 1687 2042 ex
1748 1996 1880 2063 qna
1921 1980 2214 2058 Penates
2274 1984 2607 2066 antiquam
2720 2003 2725 2010 ²

461 2082 702 2166 sedem
755 2081 991 2145 mutari
1046 2080 1217 2152 iussi
1260 2079 1473 2143 Roma
1513 2079 1861 2144 Lavinium
1917 2086 2150 2164 sponte
2193 2100 2310 2166 per
2350 2089 2607 2148 noctem
2722 2085 2737 2097 ”

466 2184 843 2265 redierunt,
905 2199 1037 2250 nec
1091 2181 1324 2246 revelli
1377 2182 1612 2246 iterum
1666 2196 1746 2247 se
1798 2186 1988 2266 passi
2049 2185 2119 2248 in
2172 2186 2317 2269 ipso
2375 2183 2609 2270 oppido

468 2292 829 2363 Romanum
876 2287 1113 2378 cultum
1156 2291 1223 2349 et
1261 2283 1653 2351 sacerdotes
1684 2286 1876 2350 'nacti
1919 2292 2091 2351 sunt.
2196 2285 2340 2367 Qua
2377 2306 2450 2352 re
2495 2306 2612 2353 re·-

473 2380 893 2459 ctius'V'arro
932 2388 1009 2454 L.
1054 2388 1129 2452 L..
1171 2387 1254 2468 V,
1292 2386 1451 2452 144:
1485 2388 1815 2452 Lavinius
1848 2387 2122 2472 ,quidem
2149 2383 2439 2454 Penates
2464 2392 2612 2457 Ro-

393 2566 394 2573 *
474 2512 705 2571 manos
749 2491 1040 2576 appellat
1076 2519 1167 2537 ·--
1207 2486 1583 2574 „Oppidum
1598 2537 1619 2572 ,
1665 2488 1837 2581 quod
1880 2492 2151 2576 primum
2195 2492 2612 2558 conditumin

475 2597 671 2662 Latio
715 2596 943 2679 stirpis
981 2594 1359 2670 Romanae,
1417 2594 1799 2676 Lavinium3
1832 2610 1835 2613 ·
1868 2611 2019 2658 nam
2062 2588 2311 2660 ibidii
2352 2590 2616 2680 pena-4
2666 2684 2669 2685 ⁷

475 2702 607 2762 tes
649 2690 966 2764 n‘ostri“
1008 2731 1087 2741 -
1133 2691 1253 2757 sed
1284 2690 1434 2757 dum
1477 2699 1822 2765 nostros
1862 2692 1981 2772 ait',
2027 2693 2365 2765 eosdem
2409 2695 2614 2762 deos

395 2802 400 2810 '
478 2797 934 2905 iteratocultu
975 2797 1228 2877 Romae
1271 2794 1503 2860 aedem
1550 2803 1619 2862 et
1651 2796 2002 2862 simulacra
2044 2795 2290 2863 habere
2330 2806 2557 2891 negat
2602 2846 2605 2851 -

681 2900 1048 2984 Dionysius
1103 2901 1308 2986 igitur
1350 2901 1523 2983 quin
1584 2905 1682 2966 tot
1725 2903 2127 2988 argumentis
2173 2902 2412 2966 erroris
2455 2919 2616 2969 reus
2678 2928 2693 2955 s

479 2999 694 3080 falsus
739 3003 864 3079 sit,
906 3001 1061 3083 quin
1102 2998 1446 3081 templum,
1505 2998 1679 3083 quod
1724 3001 1872 3085 ipse
1900 3002 2250 3067 ¹Penatium
2294 2999 2616 3082 crederet,
2670 3020 2677 3033 ⁸

407 3104 416 3109 '
479 3104 723 3173 harum
752 3104 968 3188 potius
982 3102 1406 3181 Praestitum,
1436 3102 1670 3169 domus
1697 3111 1915 3171 autem
1943 3107 2096 3171 illae
2121 3108 2348 3194 regiae
2377 3107 2618 3193 singu-

481 3207 663 3272 latim
693 3211 1235 3272 commemoratae
1280 3204 1578 3287 eaedem,
1624 3225 1974 3294 eorumque
1998 3208 2341 3297 penetral,
2383 3211 2619 3277 atrium

480 3309 773 3373 fortasse
801 3307 1171 3371 Tuscanico
1213 3305 1401 3372 modo
1444 3313 1688 3373 tectum
1720 3300 2056 3395 (ὑπεροχῇ
2081 3308 2413 3374 σκοτεινόν
2436 3311 2619 3375 -nisi

479 3408 655 3477 *haec
691 3410 899 3477 verba
940 3406 1023 3472 ad
1065 3410 1501 3475 imminentem
1530 3412 1779 3476 Veliae’
1806 3411 2034 3477 collem
2075 3413 2328 3479 referre
2367 3412 2623 3481 malue-

486 3516 619 3594 ris)
648 3515 890 3579 Larum
932 3512 1141 3578 aedes
1183 3515 1421 3592 fuerit,
1462 3519 1703 3582 nemini
1745 3516 1995 3583 confido
2037 3518 2625 3606 ampliusdnbium

485 3613 737 3695 videri,
803 3631 958 3679 nec
986 3611 1072 3679 de
1125 3618 1419 3701 regionis
1460 3617 1635 3682 illius
1681 3619 1813 3685 situ
1860 3623 1927 3682 et
1967 3625 2206 3686 natura
2248 3618 2625 3709 ambigendi

484 3717 695 3789 locum
732 3716 1023 3781 relictum
1065 3733 1222 3781 esse
1269 3718 1485 3783 credo.
1576 3718 1720 3799 Quo
1764 3721 1954 3785 simul
1997 3722 2311 3812 redargui
2334 3724 2491 3789 mihi
2518 3725 2627 3788 ti-

490 3818 679 3884 detnr
714 3835 798 3883 ea
840 3818 1159 3883 Bunsenii
1217 3821 1469 3905 opinio,
1543 3820 1715 3905 quod
1775 3827 2076 3908 quamvis
2134 3828 2284 3911 ipse
2328 3827 2459 3890 sibi
2482 3841 2625 3889 non

486 3928 800 3990 constans
846 3939 1159 4002 summam
1202 3941 1463 3988 sacram
1504 3925 1680 3988 viam
1724 3924 1999 3992 eandem
2045 3944 2204 3993 esse
2243 3946 2387 3992 cum
2427 3940 2625 3988 sacro

486 4025 655 4090 clivo
698 4023 1073 4108 suspicatur
1118 4026 1220 4109 (p.
1244 4023 1366 4091 83.
1410 4025 1475 4090 ll.
1534 4023 1784 4093 Dieaer
1824 4027 2019 4116 Steiq
2057 4066 2145 4079 --
2180 4028 2392 4092 clivus
2428 4043 2627 4091 sacer

353 4148 356 4159 ·
481 4160 570 4175 ——-
596 4125 816 4192 hamt
855 4126 1031 4195 auch
1071 4127 1181 4195 die
1207 4114 1443 4195 Hoehe
1487 4130 1612 4196 der
1646 4129 1876 4200 Sacra
1919 4135 2087 4212 via).
2174 4131 2348 4195 Nam
2372 4148 2415 4196 a
2437 4136 2629 4215 porta

482 4228 800 4316 Mogontia
849 4246 1096 4294 versus
1150 4230 1357 4296 forum
1408 4235 1832 4319 prospicienti
1881 4251 1925 4299 a
1966 4240 2157 4323 tergo
2211 4240 2358 4301 erat
2414 4233 2626 4309 clivus
