3013 4888
472 351 599 417 1⁰2

478 502 627 571 dem
657 500 878 570 Vicae
891 501 1101 568 Potae
1143 516 1305 569 esse
1335 500 1451 581 ait,
1492 497 1606 564 ubi
1650 495 1881 567 domus
1917 496 2067 564 olm
2096 497 2345 566 Valerii
2390 498 2609 566 fuerit.

478 606 687 690 Atqui
729 601 1093 669 Plutarchi
1091 594 1306 683 (1.1.)
1362 601 1586 685 optimi
1640 597 1830 665 codd.
1873 619 2033 665 mss
2094 591 2342 675 Οὖϊκᾶς
2383 588 2618 677 Ποκᾶς

466 706 814 789 exhibent,
853 704 1026 770 unde
1064 705 1420 791 proclivum
1438 709 1559 768 est
1585 702 1818 779 Ποτᾶς
1857 696 2250 779 restituere,
2309 708 2399 782 et,
2443 702 2618 788 q'uod

478 812 691 876 maius
737 817 879 886 est,
924 809 1091 875 Vica
1134 807 1299 871 Pota
1340 807 1675 872 Victoriae
1719 807 1938 890 ipsius·
1981 806 2316 890 antiquum
2356 818 2650 885 nomen,⁴

480 911 801 993 Vincendi
859 918 927 977 et
976 909 1277 976 Potiendi
1318 910 1521 975 Dea:
1546 907 1646 974 cf.
1701 910 1902 975 enim
1929 906 2061 974 Cic.
2120 910 2334 995 Legg.
2378 906 2616 990 11,11.

260 1006 285 1063 ἶ
356 1092 367 1098 ‚
482 1013 657 1080 Hinc
701 1018 938 1097 sponte
982 1009 1451 1099 quodammodo
1493 1006 1789 1075 nascitur
1834 1027 1916 1076 ea
1954 1008 2148 1079 huius
2192 1009 2322 1076 loci
2356 1007 2619 1074 descri-

428 1118 655 1201 I-ptio,
715 1120 789 1180 ut
843 1114 953 1178 ubi
997 1113 1460 1192 clivusflsacer
1512 1113 1903 1178 circumacto
1958 1113 2195 1179 circum
2237 1109 2491 1176 Veliam
2532 1109 2621 1175 li-

482 1219 640 1282 mite
685 1233 772 1280 ex
796 1216 1092 1282 Palatino
1134 1219 1291 1304 iugo
1322 1213 1737 1281 descendens
1773 1213 2106 1284 Summam
2131 1212 2407 1282 Sacram
2446 1214 2622 1280 viam
2681 1216 2686 1227 '
2808 1224 2817 1239 ·

483 1318 892 1405 attingebat,
966 1318 1056 1382 ibi
1118 1323 1306 1383 esset
1364 1317 1489 1382 Mu
1509 1334 1772 1405 goma
1835 1323 2088 1402 porta
2160 1317 2307 1390 sive
2373 1322 2620 1397 vetus

390 1416 391 1419 ’
483 1426 727 1506 porta
783 1419 1109 1485 Palatii
1166 1438 1310 1485 cum
1369 1419 1681 1505 templo
1739 1421 1984 1485 Jovis
2040 1417 2463 1501 StatoriS,
2519 1435 2620 1482 ex

486 1508 845 1585 adver-So
900 1528 1117 1585 autem
1192 1522 1440 1606 regia
1493 1522 1943 1605 Tarquinii
1992 1518 2373 1604 Superbi.
2459 1519 2619 1584 »Huc
2723 1582 2734 1587 ,
2817 1541 2824 1555 “

491 1622 667 1690 enim
707 1624 1092 1687 necessario
1136 1619 1377 1697 ducunt
1418 1623 1565 1686 Liv.
1600 1619 1655 1704 I,
1700 1614 1811 1685 12:
1855 1622 1991 1705 „Ut
2033 1622 2312 1687 Hostius
2362 1620 2621 1706 cecidit,

493 1724 838 1790 confestim
879 1710 1181 1790 Romana
1219 1724 1567 1790 inclinatur
1607 1728 1789 1791 acies
1808 1772 1831 1808 ,
1867 1726 2150 1811 fusaque
2191 1731 2296 1792 est
2338 1723 2425 1790 ad
2474 1742 2624 1805 ve?

488 1833 773 1891 terem'
812 1832 1133 1909 portam
1188 1825 1576 1891 Palatii.“
1660 1826 1789 1893 Hic
1837 1824 2080 1892 deinde
2131 1826 2325 1891 Jovis
2384 1824 2623 1894 Stato-

491 1926 594 2001 ris
620 1927 938 2012 *templum
984 1935 1200 1992 totum
1245 1946 1289 1991 a
1328 1929 1623 1993 Romulo.
1658 1964 1742 1977 —
1826 1929 2103 2013 Dionys.
2141 1929 2356 1994 Halic.
2371 1927 2482 2011 .,11
2508 1928 2621 1993 50.

489 2022 860 2111 »Ῥιύμυλος
909 2024 1057 2110 μὲν
1096 2020 1417 2115 ὀρθωσίῳ
1459 2027 1587 2093 Διΐ
1637 2023 1817 2123 tepor
1861 2024 2175 2117 ἱδρύσατὸ
2235 2027 2458 2117 παρὰ
2479 2032 2625 2106 ταῖς
2693 2032 2722 2084 ἰ

471 2123 956 2211 ’καλουμέναις
975 2131 1325 2195 Μυκωνίσι
1380 2126 1678 2210 πύλαις,
1722 2124 1801 2195 αὶ
1854 2129 2173 2220 φέρουσιν
2217 2128 2312 2209 εἰς
2353 2128 2427 2197 τὸ
2472 2133 2622 2197 Πα-

952 2225 1459 2251 ‘‘‘‘‘

471 2314 569 2399 'L.
611 2335 692 2417 v,
735 2341 796 2409 §-
847 2336 990 2399 164.
1019 2280 1198 2402 Mun.
1243 2336 1559 2422 appellat,
1605 2336 1913 2422 idemque
1938 2338 2271 2424 Mugionis
2318 2356 2419 2423 ap.
2455 2340 2627 2404 Non.

493 2434 669 2530 XII,
712 2435 815 2499 51.
871 2436 1278 2523 Mugioniam
1337 2438 1528 2503 Fest.
1579 2459 1636 2528 S,
1696 2460 1757 2503 v.
1823 2447 1890 2505 et
1947 2436 2150 2505 Solin.
2194 2436 2296 2517 11,
2341 2460 2399 2503 S.
2453 2438 2626 2505 med.

492 2535 622 2603 His
685 2537 859 2604 adde
902 2539 1067 2604 Plin.
1111 2539 1456 2624 XXXIV,
1518 2544 1595 2605 13
1650 2541 2007 2608 secundum
2051 2543 2333 2609 Annium
2392 2544 2629 2608 Fetia-

493 2641 639 2708 lem.
742 2641 1011 2718 Ibidem.
1057 2650 1274 2710 autem
1332 2644 1502 2730 quod
1564 2644 1833 2712 Solinus
1889 2647 1929 2712 1.
1988 2647 2630 2730 l..Tarquinium

495 2746 879 2813 Priscum
920 2746 1265 2817 habitasse
1306 2750 1511 2814 refert
1547 2747 1650 2820 his
1694 2752 1950 2818 verbis:
1991 2751 2433 2838 „Tarquinius
2473 2750 2628 2814 Pri·

466 2866 656 2913 ⁴scus
703 2847 787 2911 ad
823 2850 1328 2936 Mugioniam
1372 2857 1733 2936 portam.
1795 2871 1998 2938 supra
2041 2871 2423 2917 summam
2477 2872 2630 2918 no-

497 2967 676 3013 vam
721 2953 979 3014 viam“
1024 2955 1292 3036 primum
1335 2952 1401 3016 id
1446 2956 1763 3037 sequitur,
1804 2962 1875 3019 ut
1918 2956 2255 3039 Tarquinii
2304 2956 2515 3020 Prisci
2562 2961 2631 3021 et

452 3131 457 3142 ἱ
501 3048 786 3134 Superbi
826 3050 1056 3118 eadem
1098 3054 1287 3141 regia
1323 3051 1543 3135 fuerit,
1586 3073 1710 3121 nec
1754 3055 2048 3136 SolinuS,
2092 3076 2285 3140 quum
2327 3054 2628 3142 Superbo

500 3152 775 3217 alteram
841 3154 1049 3220 solum
1122 3157 1190 3220 in
1246 3154 1596 3241 Esquilino
1668 3161 2085 3247 assignaret,
2154 3157 2330 3224 aliud
2391 3162 2636 3249 egerit,

504 3272 694 3339 quam
757 3262 828 3320 ut
900 3258 1178 3345 singulis
1238 3261 1542 3347 regibus
1570 3261 1835 3350 singula
1904 3260 2230 3327 domicilia
2293 3265 2680 3342 tribueret,-

502 3356 744 3422 deiude
788 3377 948 3425 tero
992 3364 1186 3430 etiam
1229 3364 1290 3427 si
1333 3363 1607 3429 Varr.on
1654 3364 1695 3429 l.
1737 3365 1778 3430 l.
1819 3366 1914 3446 V,
1960 3371 2023 3440 §-
2071 3366 2216 3431 164.
2261 3365 2632 3446 contuleris»,

503 3463 615 3545 qui
653 3461 1033 3547 Mugoniam
1067 3472 1313 3549 portam
1358 3468 1918 3532 consentientibus
1961 3467 2158 3532 Dion.
2207 3468 2358 3534 Hal.
2388 3466 2474 3550 11,
2527 3467 2634 3534 50.
2753 3468 2764 3476 “

503 3561 833 3651 Plutarch.
880 3561 1015 3629 Cic.
1059 3584 1114 3629 c.
1160 3568 1262 3631 16.
1302 3565 1388 3631 ad
1454 3587 1770 3634 summam
1812 3587 2132 3634 sacram
2171 3572 2380 3635 viam
2397 3616 2417 3650 ,
2473 3589 2635 3636 con-

340 3647 347 3656 *
398 3665 403 3672 '
501 3665 606 3729 tra
647 3666 1179 3730 Romanulam
1225 3666 1310 3731 ad
1352 3687 1589 3734 noram
1631 3672 1808 3734 riam
1854 3678 2204 3755 spectasse
2245 3672 2463 3751 tradit,
2510 3692 2635 3739 ne-
2759 3698 2763 3702 <

506 3771 806 3833 cessario
852 3768 1162 3849 efficitur,
1228 3775 1298 3833 ut
1335 3768 1463 3834 hae
1509 3770 1679 3836 duae
1724 3780 1950 3857 portae
1996 3775 2304 3840 finitimae
2360 3784 2427 3842 et
2479 3784 2637 3856 ante

510 3869 891 3933 coniunctae
933 3868 1196 3949 fuerint,
1241 3869 1532 3944 fortasse
1576 3874 1640 3937 in
1686 3872 1954 3939 formam
1997 3877 2153 3940 Jan'i
2202 3873 2637 3957 Quadrifron-
2749 3879 2754 3886 ’

506 3973 619 4048 tis,
656 3973 719 4035 N
733 3990 883 4036 ova
925 3974 1298 4037 autem‘via
1328 3973 1537 4058 (quod
1569 3976 1697 4042 iam
1725 3976 2020 4043 Bunsen.
2052 3978 2214 4045 vidit
2244 3981 2284 4044 l.
2317 3979 2361 4043 l.
2400 4001 2461 4065 p.
2490 3980 2635 4062 80.)

394 4129 398 4144 .
505 4094 652 4139 cum
699 4093 894 4146 sacra
937 4072 1180 4141 ibidem
1223 4078 1482 4141 trivium
1525 4079 1819 4163 faceret,
1870 4084 1937 4146 in
1983 4084 2165 4148 cuius
2229 4084 2470 4171 angulo
2514 4083 2639 4149 do-

466 4189 650 4241 ‘mus
708 4178 1199 4262 Tarquiniorum
1256 4181 1390 4246 sita
1453 4187 1678 4265 esset,
1748 4185 1846 4249 ita
1901 4190 1973 4249 ut
2037 4185 2146 4269 qui
2203 4202 2242 4248 e
2298 4203 2469 4250 nova
2527 4188 2641 4274 via

509 4286 854 4366 surgeret,
921 4287 1391 4369 transgressus
1461 4302 1722 4351 sacram
1791 4287 1965 4351 viam
2019 4305 2141 4372 per
2194 4295 2444 4374 portam
2495 4275 2642 4355 Ro-
2711 4277 2716 4286 ’
