3013 4888
2284 373 2285 380 ,
2412 355 2427 360 ff
2453 319 2580 384 11⁷

440 422 631 548 Quod
659 461 810 531 ideo
842 460 1207 530 adnotasse
1234 458 1415 527 haud
1442 455 1921 548 supervacuum
1943 410 2101 527 mibi
2130 463 2347 536 visum
2356 510 2384 556 ,
2427 431 2583 551 quia

438 586 645 654 nuper
685 565 1047 634 Lerschius
1089 566 1423 647 (Annales
1465 566 1727 658 philon..
1768 565 2064 633 Darmst.
2111 565 2321 633 1838..
2345 568 2429 632 N.
2471 570 2582 652 72,
2692 560 2699 565 ’

440 691 502 756 p.
541 670 672 737 585
705 671 847 755 sq.)
894 671 1116 744 verba
1143 669 1580 748 Vestibulo
1625 665 2090 738 adstabant
2134 667 2298 734 dura
2341 655 2426 733 ne
2469 670 2581 736 di-

442 791 600 839 cam
615 776 913 861 contorta
938 773 1473 880 interpretatione
1498 773 1592 836 ita
1622 774 1903 872 accepit,
1950 772 2143 858 quasi
2175 791 2305 837 ιιοιι
2338 774 2408 838 ἰιι
2433 775 2582 859 ipso
2638 772 2643 775 ’

440 865 769 942 vestibulo
815 873 938 944 sed
982 876 1054 940 in
1098 876 1248 941 atrii
1292 892 1375 939 ea
1413 865 1606 962 p‘arte
1620 920 1645 954 ,
1692 892 1863 961 quae
1905 874 2232 941 vestibulo
2278 879 2576 961 proxima
2641 893 2649 910 ¹

443 981 667 1061 esset,
724 979 920 1067 signa
978 994 1063 1043 ea
1106 980 1387 1043 stetisse
1430 977 1752 1067 Virgilius
1801 977 2011 1043 dicat.
2095 978 2356 1066 Ubique
2413 981 2584 1046 enim

443 1081 768 1172 imagines
828 1082 1140 1147 maiorum
1193 1082 1259 1146 in
1316 1082 1482 1146 atrio
1521 1098 1652 1145 non
1709 1081 1777 1176 in
1831 1078 2165 1144 vestibulo
2214 1077 2580 1165 dispositas

419 1186 948 1258 commemorari.
1033 1185 1179 1252 Hoc
1218 1183 1480 1270 quidem
1519 1190 1740 1251 recte.
1783 1181 1910 1248 sed
1954 1183 2324 1270 „imagines
2368 1187 2594 1260 ιιιιιίο-

444 1288 665 1369 rum“,
710 1305 880 1373 quae
921 1289 1183 1374 proprie
1220 1286 1523 1354 dicuntur
1536 1333 1563 1367 ,
1625 1303 1864 1354 cereae
1905 1292 2059 1352 sunt
2098 1286 2393 1372 vultuum
2433 1289 2582 1355 effi-

445 1391 600 1479 gies
638 1401 1130 1478 personaeque,
1191 1408 1340 1464 ιιοιι
1362 1398 1630 1457 statuae
1676 1397 1745 1457 et
1788 1392 2022 1479 signa,
2069 1390 2287 1475 qualia
2329 1393 2399 1456 in
2438 1393 2581 1457 La-

369 1577 374 1592 *
443 1495 568 1560 tini
611 1495 803 1584 regia
845 1495 1434 1581 conspiciebantur
1520 1494 1867 1581 Denique,
1913 1495 1979 1558 si
2019 1491 2148 1558 hae
2188 1495 2378 1579 ipsae
2412 1498 2585 1568 ima-

447 1598 645 1687 gines
688 1615 731 1662 a
769 1598 1049 1685 Virgilio
1112 1598 1682 1687 significarentur,
1732 1617 1864 1664 non
1918 1614 2064 1662 eam
2115 1598 2266 1662 atrii
2307 1604 2581 1682 partem,

450 1718 620 1786 quae
645 1700 1035 1766 uestibulum
1066 1707 1133 1766 et
1152 1703 1423 1785 januam
1448 1706 1823 1787 spectaret,
1866 1698 1991 1765 sed
2029 1698 2184 1789 alas
2229 1697 2352 1780 (de
2392 1697 2579 1767 cuius

448 1804 636 1868 vocis
680 1803 1161 1924 significatione
1211 1804 1294 1870 cf.
1341 1804 1623 1870 Becker.
1675 1800 1864 1867 Gallo
1923 1802 2008 1869 Τ
2053 1800 2118 1884 Ι,
2151 1822 2213 1887 p.
2252 1800 2358 1868 84.
2404 1824 2581 1890 supr.

453 1922 592 1991 cap.
638 1905 777 1985 10.)
817 1907 915 1971 fiis
975 1909 1380 1995 assignaret.
1427 1896 1598 1972 Hic
1651 1907 1821 1970 enim
1875 1904 2059 1970 locus
2114 1906 2467 1994 imaginum
2512 1916 2579 1975 et
2702 1955 2715 1964 .

452 2017 882 2077 stemmatum.
937 2009 1036 2077 Cf.
1090 2013 1345 2078 Vitruv.
1385 2011 1520 2094 VI,
1562 2011 1606 2076 5
1650 2014 1765 2096 (3,
1808 2012 1870 2075 6.
1917 2010 2187 2091 Schn.):
2247 2011 2582 2103 Imagines
2640 2015 2655 2032 '

409 2119 416 2122 ’
451 2117 608 2182 item
652 2116 785 2181 alte
828 2134 975 2182 cum
1013 2117 1154 2182 suis
1196 2119 1592 2183 ornamentis
1618 2115 1702 2181 ad
1735 2099 2137 2182 latitudinem
2177 2116 2424 2198 alarum
2450 2123 2585 2188 sint

456 2216 872 2284 constitutae.
997 2224 1001 2228 ’
2058 2242 2064 2248 ·

662 2318 884 2384 Minus
941 2280 1272 2385 invidiosa
1329 2316 1594 2385 videtur
1635 2337 1718 2384 ea
1761 2320 1969 2396 ratio,
2021 2336 2146 2385 nec
2184 2320 2315 2384 nisi
2359 2320 2438 2386 ob
2479 2323 2600 2387 af·

455 2421 768 2491 sectatam
804 2437 1019 2486 vanae
1060 2419 1437 2510 elegantiae
1480 2423 1769 2508 speciem
1808 2419 2130 2500 notanda,
2173 2439 2302 2506 qua
2345 2421 2586 2492 defun-

349 2522 354 2531 ’
457 2531 703 2609 ciorum
744 2526 1030 2589 virorum
1070 2527 1395 2614 imagines
1451 2527 1623 2591 inter
1679 2525 1989 2591 tutelaria‘
2041 2523 2270 2591 domus
2326 2530 2588 2593 numina

457 2630 769 2710 receptae
832 2625 1151 2713 singulari
1210 2625 1492 2717 quadam
1548 2633 1615 2692 et
1672 2626 1757 2692 ad
1818 2624 1886 2691 id
1946 2629 2216 2691 inventa
2268 2626 2587 2716 religione

345 2734 350 2737 ’
441 2722 859 2802 colebantur.
941 2729 1048 2794 De
1094 2748 1226 2814 qua
1267 2729 1431 2794 Plin.
1488 2728 1815 2808 XXXV,
1855 2731 1931 2794 2.
1995 2727 2143 2808 „Et
2196 2732 2366 2795 inter
2421 2732 2589 2799 haec

459 2824 924 2914 pinacothecas
963 2822 1302 2915 veteribus
1345 2829 1587 2895 tabulis
1627 2817 1975 2908 consuunt,
2015 2829 2426 2916 alienasque
2438 2832 2589 2896 effi-
2671 2866 2678 2873 -

458 2932 613 3019 gies
658 2929 895 2994 colunt.
980 2928 1188 2995 Iidem
1229 2929 1448 2997 vultus
1493 2930 1766 3018 Epicuri
1809 2946 1930 3015 per
1972 2929 2267 2995 cubicula
2308 2939 2605 3031 portant,

460 3051 543 3098 ac
586 3030 1044 3100 circumferunt
1085 3024 1335 3101 secum.
1414 3036 1643 3101 Natali
1688 3037 1832 3100 eins
1877 3035 2194 3127 vicesima
2236 3035 2428 3101 Luna
2467 3056 2592 3107 sa·-

451 3134 792 3220 criticam,
780 3138 1168 3231 feriasque
1211 3138 1382 3203 omni
1419 3148 1658 3203 mense-
1692 3134 2117 3213 custodiunt,
2147 3154 2314 3221 quas
2357 3131 2590 3204 icadas

223 3306 228 3315 .
359 3251 400 3324 '¹
462 3242 765 3313 vocant‘
